2375 3575
230 452 280 505 906
557 472 669 506 aucuns.

230 604 302 671 Ergo
321 618 371 671 ego
390 601 482 656 nescio
500 601 555 666 cui,
575 617 655 670 quern
673 605 704 654 tu
722 601 856 670 conplexa
873 601 981 655 tenebas

264 688 386 743 Excubui
405 687 539 750 clausam,
558 702 654 740 seruus
673 692 715 751 ut,
734 691 798 740 ante
817 686 946 740 domurn?

231 773 304 837 Vidi,
322 789 382 826 curn
401 772 504 827 toribus
523 770 612 825 lassus
630 772 752 839 prodiret
770 776 890 836 amator,

264 857 417 911 Inualirlurn
434 857 555 910 referens
573 857 771 925 emeritumque
788 856 869 910 latus.

194 958 217 995 rs
231 943 290 996 Hoc
308 946 399 995 tamen
418 946 461 994 est
477 939 578 1005 leuius,
598 956 679 1009 quam
693 941 766 1010 quod
785 958 845 996 surn
860 941 936 995 uisus
950 941 981 996 ab

265 1026 382 1080 Eueniat
400 1026 499 1079 nostris
517 1025 642 1079 hostibus
661 1025 704 1078 ille
723 1026 825 1094 pudor!

231 1111 345 1179 erando
364 1126 415 1178 ego
434 1126 488 1164 non
505 1110 575 1163 finus
593 1111 671 1163 lateri
690 1111 826 1179 patienter
844 1110 970 1175 adhaesi,

265 1197 328 1265 lpse
345 1199 409 1249 tuus
429 1200 533 1259 custos,
553 1195 613 1264 ipsc
632 1195 684 1259 uir,
704 1196 764 1263 ipse
781 1196 890 1249 coines?

232 1279 341 1335 Scilicet
358 1285 385 1333 et
404 1280 506 1348 populo
524 1296 572 1349 per
590 1296 633 1333 me
652 1280 782 1333 comitata
799 1280 937 1350 placebas.

192 1380 217 1420 ro
266 1364 357 1419 Causa
374 1365 426 1417 fuit
445 1364 535 1419 multis
554 1370 647 1419 noster
665 1366 765 1419 amoris
784 1381 868 1419 amor.

230 1450 332 1518 Turpia
350 1450 415 1519 quid
432 1450 546 1503 referam
568 1465 656 1502 uanae
674 1450 817 1503 rnenrlacia
835 1451 946 1518 linguae

264 1534 300 1588 Et
317 1534 469 1604 periuratos
488 1534 515 1587 io
534 1550 596 1587 mea
615 1534 715 1587 darnna
733 1535 816 1589 oleos?

230 1619 300 1685 Quid
317 1620 446 1673 iuuenum
464 1619 563 1673 tacitos
581 1619 652 1673 inter
670 1619 798 1673 conuiuio
815 1624 897 1673 nutus

264 1704 406 1773 Verbaque
424 1704 573 1772 conpositis
593 1703 764 1757 dissimulata
782 1695 872 1758 notis?

191 1803 215 1841 25
228 1791 308 1843 Dicta
326 1796 385 1843 erat
403 1806 486 1859 aegra
503 1789 576 1842 mihi.
594 1804 728 1858 praeceps
747 1805 896 1859 amensque
916 1806 981 1843 cucu

263 1875 343 1938 Veni,
363 1879 391 1928 et
408 1874 484 1928 riuali
504 1891 557 1927 non
577 1879 636 1927 erat
654 1890 737 1941 aegra
756 1891 825 1928 meo.

228 1959 277 2013 llis
297 1966 324 2013 et
342 1975 411 2029 quae
429 1964 508 2012 taceo
527 1959 623 2011 durani
642 1975 725 2028 saepe
744 1959 871 2013 terendis.

262 2045 367 2111 Quaere
386 2044 479 2109 alium,
499 2060 548 2112 pro
567 2059 609 2097 me
629 2045 675 2112 qui
696 2051 780 2113 queat
797 2044 851 2098 ista
868 2044 935 2114 pati.

227 2129 283 2183 lain
303 2146 362 2183 rnca
381 2130 475 2182 uotiua
492 2129 593 2198 puppis
612 2129 738 2182 redimita
757 2144 859 2199 coroqa

189 2229 214 2267 ao
261 2213 347 2267 Lenta
364 2219 547 2268 tumescentes
566 2213 693 2283 aequoris
707 2215 783 2267 auoit
801 2229 895 2282 aquas.

226 2299 326 2352 Desine
346 2299 491 2353 blanditias
510 2304 537 2352 et
555 2299 640 2353 uerbo
662 2299 787 2368 potentia
804 2297 942 2367 quondam

262 2384 386 2438 Perdere.
407 2401 461 2438 non
480 2399 531 2451 ego
550 2392 611 2437 suni
629 2383 742 2449 stultus,
763 2387 873 2437 utente
892 2383 939 2435 fui.

508 2560 712 2568 --—-

567 2675 653 2740 le.

223 2809 373 2864 Luctantur
391 2815 542 2880 pectusque
560 2809 621 2862 leue
640 2808 666 2862 in
689 2807 827 2862 contraria
844 2805 960 2860 tendunt

256 2893 316 2948 Hac
334 2910 421 2960 arnor,
440 2894 493 2949 hac
511 2894 613 2948 odium.
632 2893 694 2959 sed,
713 2898 794 2962 putu,
814 2891 900 2945 uincit
918 2907 979 2945 arno
