2375 3575
493 486 540 518 ARS
554 485 693 519 ΛΜΔΤΟΠΙΔ.

172 619 247 671 Aera
266 631 319 669 non
338 615 429 684 potuit
446 614 541 680 1111003,
561 614 616 669 3113
634 615 724 669 omnia
741 614 847 669 clausit.

211 700 298 768 Quom
316 700 391 765 licet,
410 700 527 754 inuentis
545 716 610 755 aera
627 715 722 769 rumpe
741 700 815 753 meis.

137 800 158 836 ⁵5
174 786 231 840 Sed
248 785 298 840 tibi
317 802 370 839 non
389 785 466 853 uirgo
484 784 609 853 Tegeaea
626 799 771 854 comesque
789 785 892 840 Bootae

209 870 326 938 Ensiger
344 870 428 925 Orion
446 870 619 939 aspiciendos
638 870 695 925 erit.

175 955 218 1010 Me
237 956 328 1025 pinnis
348 960 453 1009 sectare
472 955 550 1009 datis.
570 971 622 1023 ego
641 955 768 1025 praeuius
788 956 841 1011 ibo.

213 1042 254 1097 Sit
270 1047 319 1094 tua
336 1056 401 1094 cura
419 1040 503 1109 sequi.
528 1056 569 1094 me
588 1040 656 1095 duce
674 1044 749 1095 tutus
768 1041 830 1096 eris.

176 1126 245 1180 Nam
263 1127 322 1180 siue
340 1126 476 1180 aetherias
496 1126 584 1179 uicino
603 1126 660 1179 sole
678 1142 726 1196 per
744 1143 825 1181 auras

141 1224 164 1260 ce
214 1211 326 1276 lbimus‚
345 1211 490 1280 impatiens
509 1226 571 1264 cera
589 1210 686 1265 caloris
705 1211 761 1276 erit,

179 1296 242 1351 Siue
260 1296 376 1351 humiles
394 1295 520 1366 propiore
537 1296 607 1349 freto
625 1296 785 1351 iactabimus
804 1297 875 1364 alas,

213 1382 318 1437 Mobilis
336 1382 485 1451 aequoreis
496 1380 580 1450 pinna
599 1382 737 1437 madescet
754 1383 841 1452 aquis.

179 1469 252 1522 Inter
270 1474 413 1537 utrumque
431 1466 500 1521 nola.
521 1471 618 1522 uentos
636 1483 756 1538 quoque,
776 1472 852 1533 nate,
876 1469 923 1523 tim
941 1474 978 1534 to,

213 1554 327 1623 Quaque
344 1553 432 1606 ferent
449 1568 543 1616 aurae,
568 1552 629 1606 uela
647 1553 767 1608 secunda
785 1554 866 1609 dato!

142 1650 165 1686 6⁵
180 1638 249 1692 Dum
268 1645 368 1700 monet,
387 1641 465 1707 aptat
482 1654 552 1706 opus
569 1653 654 1707 puero
673 1642 860 1709 monstratque
878 1641 987 1705 moueri,

213 1723 309 1778 Erudit
326 1724 445 1778 infirmas
464 1727 494 1777 ut
512 1740 563 1777 sua
580 1726 666 1777 mater
684 1740 758 1779 aues.

179 1810 245 1864 Inde
263 1809 314 1863 sibi
333 1811 422 1864 iactas
441 1810 540 1864 umeris
559 1810 746 1865 accommodat
764 1810 826 1866 alas

214 1894 317 1964 Perque
336 1911 436 1949 nouum
454 1895 548 1948 timide
565 1912 680 1965 corpora
697 1895 777 1950 librat
793 1897 852 1950 iter.

179 1980 291 2050 Iamque
309 1979 449 2034 uolaturus
467 1997 552 2050 paruo
572 1980 647 2034 dedit
665 1980 758 2036 oscula
770 1987 842 2045 nato,

144 2078 166 2114 ro
214 2065 268 2121 Nec
286 2065 391 2134 patriae
408 2064 533 2120 lacrimas
552 2065 709 2119 continuere
726 2083 821 2136 genae.

179 2150 271 2206 Monte
289 2150 375 2204 minor
393 2149 477 2216 collis,
497 2151 601 2220 campis
619 2157 677 2205 erat
695 2151 773 2206 altior
791 2152 894 2222 aequis.

214 2235 285 2290 Hinc
303 2236 368 2290 data
387 2240 451 2290 sunt
468 2236 583 2291 miserae
602 2253 715 2306 corpora
727 2237 790 2292 bina
803 2237 893 2306 fugae.

179 2320 215 2375 Et
232 2325 324 2374 mouet
341 2321 401 2391 ipse
419 2337 484 2376 suas
503 2324 531 2375 et
548 2321 606 2375 nati
625 2323 734 2393 respicit
751 2323 809 2378 alas

214 2406 353 2461 Daedalus
371 2411 399 2460 et
417 2423 511 2461 cursus
529 2407 647 2462 sustinet
664 2423 751 2477 usque
770 2424 843 2462 suos.

145 2502 165 2539 o
180 2493 292 2561 lamque
310 2508 410 2545 nouum
429 2490 546 2547 delectat
562 2493 625 2558 iter,
644 2493 789 2563 positoque
801 2494 896 2548 timore

215 2576 308 2630 Icarus
327 2576 425 2630 audaci
443 2577 539 2632 fortius
557 2582 616 2632 arte
634 2578 717 2632 uolat.
794 2607 795 2610 ¹

135 2682 167 2720 rm
181 2661 239 2715 llos
256 2660 355 2730 aliquis
373 2661 487 2715 tremula
505 2663 569 2716 dum
587 2667 681 2733 captat
699 2665 829 2718 arundine
848 2665 938 2734 pisces

135 2766 168 2805 rm
215 2747 301 2812 Vidit,
326 2752 354 2801 et
371 2747 509 2816 inceptum
527 2748 623 2803 dextra
639 2747 749 2818 reliquit
767 2765 844 2818 opus.

181 2833 238 2886 lam
257 2830 354 2886 Samos
372 2850 390 2886 a
406 2832 486 2886 laeua
502 2864 536 2872 -
554 2832 664 2888 fuerant
675 2833 819 2904 Naxosque
837 2834 948 2890 relictae

215 2916 251 2971 Et
267 2917 352 2972 Paros
371 2926 397 2972 et
414 2917 503 2972 (llario
519 2917 604 2974 Delos
622 2923 712 2973 amata
730 2919 781 2973 deo
800 2949 846 2986 -,

832 3026 860 3067 q
