<?xml version="1.0" encoding="UTF-8"?>
<!DOCTYPE html PUBLIC "-//W3C//DTD XHTML 1.0 Transitional//EN"
    "http://www.w3.org/TR/xhtml1/DTD/xhtml1-transitional.dtd">
<html xmlns="http://www.w3.org/1999/xhtml" xml:lang="en" lang="en">
 <head>
  <title>
</title>
<meta http-equiv="Content-Type" content="text/html;charset=utf-8" />
  <meta name='ocr-system' content='tesseract 3.04.00' />
  <meta name='ocr-capabilities' content='ocr_page ocr_carea ocr_par ocr_line ocrx_word'/>
</head>
<body>
  <div class='ocr_page' id='page_1' title='image "./povidiinasonisc00mlgoog_0201.png"; bbox 0 0 2375 3575; ppageno 0'>
   <div class='ocr_carea' id='block_1_1' title="bbox 543 376 984 431">
    <p class='ocr_par' dir='ltr' id='par_1_1' title="bbox 543 376 984 431">
     <span class='ocr_line' id='line_1_1' title="bbox 543 376 984 431; baseline -0.007 -1"><span class='ocrx_word' id='word_1_1' title='bbox 543 397 654 431; x_wconf 68' lang='lat' dir='ltr'>monne.</span> <span class='ocrx_word' id='word_1_2' title='bbox 933 376 984 428; x_wconf 84' lang='lat'>193</span> 
     </span>
    </p>
   </div>
   <div class='ocr_carea' id='block_1_2' title="bbox 168 524 1031 2894">
    <p class='ocr_par' dir='ltr' id='par_1_2' title="bbox 168 524 1031 2894">
     <span class='ocr_line' id='line_1_2' title="bbox 213 524 941 598; baseline 0.003 -17"><span class='ocrx_word' id='word_1_3' title='bbox 213 525 309 581; x_wconf 78' lang='lat' dir='ltr'>Siccus</span> <span class='ocrx_word' id='word_1_4' title='bbox 327 529 358 579; x_wconf 90' lang='lat' dir='ltr'>ut</span> <span class='ocrx_word' id='word_1_5' title='bbox 376 525 503 595; x_wconf 77' lang='lat' dir='ltr'>amplecti</span> <span class='ocrx_word' id='word_1_6' title='bbox 521 524 679 580; x_wconf 82' lang='lat' dir='ltr'>Salmonida</span> <span class='ocrx_word' id='word_1_7' title='bbox 696 531 792 596; x_wconf 87' lang='lat' dir='ltr'>posset</span> <span class='ocrx_word' id='word_1_8' title='bbox 808 528 941 598; x_wconf 84' lang='lat' dir='ltr'>Enipeus,</span> 
     </span>
     <span class='ocr_line' id='line_1_3' title="bbox 248 610 901 683; baseline 0.005 -18"><span class='ocrx_word' id='word_1_9' title='bbox 248 611 353 665; x_wconf 82' lang='lat' dir='ltr'>Cedere</span> <span class='ocrx_word' id='word_1_10' title='bbox 370 610 451 665; x_wconf 90' lang='lat' dir='ltr'>iussit</span> <span class='ocrx_word' id='word_1_11' title='bbox 468 627 576 681; x_wconf 88' lang='lat' dir='ltr'>aquarn.</span> <span class='ocrx_word' id='word_1_12' title='bbox 594 610 672 665; x_wconf 88' lang='lat' dir='ltr'>iussa</span> <span class='ocrx_word' id='word_1_13' title='bbox 689 613 803 667; x_wconf 84' lang='lat' dir='ltr'>recessit</span> <span class='ocrx_word' id='word_1_14' title='bbox 820 629 901 683; x_wconf 88' lang='lat' dir='ltr'>aqua.</span> 
     </span>
     <span class='ocr_line' id='line_1_4' title="bbox 170 695 930 766; baseline 0.009 -20"><span class='ocrx_word' id='word_1_15' title='bbox 170 707 200 747; x_wconf 71' lang='lat' dir='ltr'>ee</span> <span class='ocrx_word' id='word_1_16' title='bbox 212 695 269 750; x_wconf 90' lang='lat' dir='ltr'>Nec</span> <span class='ocrx_word' id='word_1_17' title='bbox 286 700 314 749; x_wconf 91' lang='lat' dir='ltr'>te</span> <span class='ocrx_word' id='word_1_18' title='bbox 331 700 481 764; x_wconf 88' lang='lat' dir='ltr'>praetereo,</span> <span class='ocrx_word' id='word_1_19' title='bbox 500 696 546 766; x_wconf 93' lang='lat' dir='ltr'>qui</span> <span class='ocrx_word' id='word_1_20' title='bbox 564 712 614 766; x_wconf 90' lang='lat' dir='ltr'>per</span> <span class='ocrx_word' id='word_1_21' title='bbox 631 714 700 751; x_wconf 84' lang='lat' dir='ltr'>caua</span> <span class='ocrx_word' id='word_1_22' title='bbox 718 713 785 751; x_wconf 85' lang='lat' dir='ltr'>saxa</span> <span class='ocrx_word' id='word_1_23' title='bbox 802 698 930 754; x_wconf 88' lang='lat' dir='ltr'>uolutans</span> 
     </span>
     <span class='ocr_line' id='line_1_5' title="bbox 248 780 791 851; baseline 0.002 -17"><span class='ocrx_word' id='word_1_24' title='bbox 248 780 356 836; x_wconf 87' lang='lat' dir='ltr'>Tiburis</span> <span class='ocrx_word' id='word_1_25' title='bbox 374 780 455 849; x_wconf 83' lang='lat' dir='ltr'>Argei</span> <span class='ocrx_word' id='word_1_26' title='bbox 473 781 606 850; x_wconf 80' lang='lat' dir='ltr'>pomifera</span> <span class='ocrx_word' id='word_1_27' title='bbox 624 799 692 835; x_wconf 89' lang='lat' dir='ltr'>arua</span> <span class='ocrx_word' id='word_1_28' title='bbox 709 783 791 851; x_wconf 85' lang='lat' dir='ltr'>riges.</span> 
     </span>
     <span class='ocr_line' id='line_1_6' title="bbox 213 864 902 936; baseline 0.003 -17"><span class='ocrx_word' id='word_1_29' title='bbox 213 865 264 919; x_wconf 91' lang='lat' dir='ltr'>llia</span> <span class='ocrx_word' id='word_1_30' title='bbox 281 866 325 920; x_wconf 87' lang='lat' dir='ltr'>cui</span> <span class='ocrx_word' id='word_1_31' title='bbox 342 864 453 935; x_wconf 80' lang='lat' dir='ltr'>placuit,</span> <span class='ocrx_word' id='word_1_32' title='bbox 472 867 598 936; x_wconf 88' lang='lat' dir='ltr'>quamuis</span> <span class='ocrx_word' id='word_1_33' title='bbox 617 872 675 921; x_wconf 90' lang='lat' dir='ltr'>erat</span> <span class='ocrx_word' id='word_1_34' title='bbox 693 867 802 921; x_wconf 88' lang='lat' dir='ltr'>horrida</span> <span class='ocrx_word' id='word_1_35' title='bbox 820 867 902 933; x_wconf 90' lang='lat' dir='ltr'>cultu,</span> 
     </span>
     <span class='ocr_line' id='line_1_7' title="bbox 248 949 972 1021; baseline 0.007 -18"><span class='ocrx_word' id='word_1_36' title='bbox 248 949 343 1019; x_wconf 85' lang='lat' dir='ltr'>Vngue</span> <span class='ocrx_word' id='word_1_37' title='bbox 362 954 457 1004; x_wconf 87' lang='lat' dir='ltr'>notata</span> <span class='ocrx_word' id='word_1_38' title='bbox 475 966 575 1017; x_wconf 87' lang='lat' dir='ltr'>comas,</span> <span class='ocrx_word' id='word_1_39' title='bbox 597 968 692 1021; x_wconf 49' lang='lat' dir='ltr'>ungue,</span> <span class='ocrx_word' id='word_1_40' title='bbox 704 956 799 1006; x_wconf 89' lang='lat' dir='ltr'>notata</span> <span class='ocrx_word' id='word_1_41' title='bbox 817 968 911 1021; x_wconf 86' lang='lat' dir='ltr'>genas.</span> <span class='ocrx_word' id='word_1_42' title='bbox 971 952 972 955; x_wconf 67' lang='grc'>’</span> 
     </span>
     <span class='ocr_line' id='line_1_8' title="bbox 212 1034 930 1107; baseline 0.004 -18"><span class='ocrx_word' id='word_1_43' title='bbox 212 1034 263 1089; x_wconf 89' lang='lat' dir='ltr'>Illa</span> <span class='ocrx_word' id='word_1_44' title='bbox 280 1050 392 1104; x_wconf 85' lang='lat' dir='ltr'>gemens</span> <span class='ocrx_word' id='word_1_45' title='bbox 410 1036 554 1106; x_wconf 90' lang='lat' dir='ltr'>patruique</span> <span class='ocrx_word' id='word_1_46' title='bbox 571 1038 648 1091; x_wconf 84' lang='lat' dir='ltr'>nefas</span> <span class='ocrx_word' id='word_1_47' title='bbox 666 1036 819 1107; x_wconf 85' lang='lat' dir='ltr'>delictaque</span> <span class='ocrx_word' id='word_1_48' title='bbox 836 1038 930 1093; x_wconf 86' lang='lat' dir='ltr'>Martis</span> 
     </span>
     <span class='ocr_line' id='line_1_9' title="bbox 175 1120 771 1192; baseline 0.01 -21"><span class='ocrx_word' id='word_1_49' title='bbox 175 1132 199 1171; x_wconf 75' lang='lat' dir='ltr'>eo</span> <span class='ocrx_word' id='word_1_50' title='bbox 247 1120 364 1175; x_wconf 84' lang='lat' dir='ltr'>Errabat</span> <span class='ocrx_word' id='word_1_51' title='bbox 381 1121 454 1175; x_wconf 91' lang='lat' dir='ltr'>nudo</span> <span class='ocrx_word' id='word_1_52' title='bbox 472 1138 521 1190; x_wconf 90' lang='lat' dir='ltr'>per</span> <span class='ocrx_word' id='word_1_53' title='bbox 537 1121 600 1176; x_wconf 87' lang='lat' dir='ltr'>loca</span> <span class='ocrx_word' id='word_1_54' title='bbox 617 1122 676 1176; x_wconf 84' lang='lat' dir='ltr'>sola</span> <span class='ocrx_word' id='word_1_55' title='bbox 693 1123 771 1192; x_wconf 93' lang='lat' dir='ltr'>pede.</span> 
     </span>
     <span class='ocr_line' id='line_1_10' title="bbox 210 1204 912 1275; baseline 0.003 -16"><span class='ocrx_word' id='word_1_56' title='bbox 210 1204 395 1261; x_wconf 83' lang='lat' dir='ltr'>Hanc.Auien</span> <span class='ocrx_word' id='word_1_57' title='bbox 413 1206 517 1275; x_wconf 86' lang='lat' dir='ltr'>rapidis</span> <span class='ocrx_word' id='word_1_58' title='bbox 535 1207 674 1262; x_wconf 87' lang='lat' dir='ltr'>animosus</span> <span class='ocrx_word' id='word_1_59' title='bbox 694 1208 762 1261; x_wconf 93' lang='lat' dir='ltr'>uidit</span> <span class='ocrx_word' id='word_1_60' title='bbox 779 1207 815 1262; x_wconf 90' lang='lat' dir='ltr'>ab</span> <span class='ocrx_word' id='word_1_61' title='bbox 832 1207 912 1262; x_wconf 87' lang='lat' dir='ltr'>undis</span> 
     </span>
     <span class='ocr_line' id='line_1_11' title="bbox 245 1290 854 1360; baseline 0.003 -16"><span class='ocrx_word' id='word_1_62' title='bbox 245 1290 394 1360; x_wconf 86' lang='lat' dir='ltr'>Raucaque</span> <span class='ocrx_word' id='word_1_63' title='bbox 412 1291 447 1345; x_wconf 88' lang='lat' dir='ltr'>de</span> <span class='ocrx_word' id='word_1_64' title='bbox 464 1292 561 1346; x_wconf 91' lang='lat' dir='ltr'>mediis</span> <span class='ocrx_word' id='word_1_65' title='bbox 580 1292 691 1347; x_wconf 87' lang='lat' dir='ltr'>sustulit</span> <span class='ocrx_word' id='word_1_66' title='bbox 710 1309 757 1347; x_wconf 86' lang='lat' dir='ltr'>ora</span> <span class='ocrx_word' id='word_1_67' title='bbox 774 1293 854 1347; x_wconf 88' lang='lat' dir='ltr'>uadis</span> 
     </span>
     <span class='ocr_line' id='line_1_12' title="bbox 211 1375 961 1447; baseline 0.004 -19"><span class='ocrx_word' id='word_1_68' title='bbox 211 1376 303 1445; x_wconf 83' lang='lat' dir='ltr'>Atque</span> <span class='ocrx_word' id='word_1_69' title='bbox 320 1376 359 1429; x_wconf 90' lang='lat' dir='ltr'>ita</span> <span class='ocrx_word' id='word_1_70' title='bbox 377 1375 450 1445; x_wconf 90' lang='lat' dir='ltr'>‘quid</span> <span class='ocrx_word' id='word_1_71' title='bbox 469 1378 585 1431; x_wconf 89' lang='lat' dir='ltr'>nostras&#39;</span> <span class='ocrx_word' id='word_1_72' title='bbox 604 1377 672 1431; x_wconf 83' lang='lat' dir='ltr'>dixit</span> <span class='ocrx_word' id='word_1_73' title='bbox 691 1378 763 1432; x_wconf 78' lang='lat' dir='ltr'>teris</span> <span class='ocrx_word' id='word_1_74' title='bbox 781 1377 862 1432; x_wconf 79' lang='lat' dir='ltr'>anxia</span> <span class='ocrx_word' id='word_1_75' title='bbox 879 1378 961 1447; x_wconf 87' lang='lat' dir='ltr'>ripas,</span> 
     </span>
     <span class='ocr_line' id='line_1_13' title="bbox 246 1460 783 1531; baseline 0.007 -18"><span class='ocrx_word' id='word_1_76' title='bbox 246 1460 303 1525; x_wconf 78' lang='lat' dir='ltr'>llis,</span> <span class='ocrx_word' id='word_1_77' title='bbox 323 1462 357 1515; x_wconf 92' lang='lat' dir='ltr'>ab</span> <span class='ocrx_word' id='word_1_78' title='bbox 375 1461 458 1515; x_wconf 90' lang='lat' dir='ltr'>Idaeo</span> <span class='ocrx_word' id='word_1_79' title='bbox 476 1462 662 1517; x_wconf 88' lang='lat' dir='ltr'>Laomedonte</span> <span class='ocrx_word' id='word_1_80' title='bbox 679 1463 783 1531; x_wconf 80' lang='lat' dir='ltr'>genus?</span> 
     </span>
     <span class='ocr_line' id='line_1_14' title="bbox 170 1545 860 1617; baseline 0.004 -19"><span class='ocrx_word' id='word_1_81' title='bbox 170 1561 197 1599; x_wconf 78' lang='lat' dir='ltr'>ee</span> <span class='ocrx_word' id='word_1_82' title='bbox 212 1545 272 1612; x_wconf 84' lang='lat' dir='ltr'>Quo</span> <span class='ocrx_word' id='word_1_83' title='bbox 291 1545 380 1601; x_wconf 90' lang='lat' dir='ltr'>cultus</span> <span class='ocrx_word' id='word_1_84' title='bbox 398 1546 488 1601; x_wconf 88' lang='lat' dir='ltr'>abiere</span> <span class='ocrx_word' id='word_1_85' title='bbox 505 1548 563 1601; x_wconf 80' lang='lat' dir='ltr'>tui?</span> <span class='ocrx_word' id='word_1_86' title='bbox 582 1548 648 1617; x_wconf 92' lang='lat' dir='ltr'>quid</span> <span class='ocrx_word' id='word_1_87' title='bbox 666 1547 726 1602; x_wconf 90' lang='lat' dir='ltr'>sola</span> <span class='ocrx_word' id='word_1_88' title='bbox 744 1549 860 1616; x_wconf 79' lang='lat' dir='ltr'>negaris,</span> 
     </span>
     <span class='ocr_line' id='line_1_15' title="bbox 245 1629 868 1701; baseline 0.006 -19"><span class='ocrx_word' id='word_1_89' title='bbox 245 1629 320 1684; x_wconf 88' lang='lat' dir='ltr'>Vitta</span> <span class='ocrx_word' id='word_1_90' title='bbox 338 1646 388 1685; x_wconf 93' lang='lat' dir='ltr'>nec</span> <span class='ocrx_word' id='word_1_91' title='bbox 406 1632 529 1687; x_wconf 85' lang='lat' dir='ltr'>euinctas</span> <span class='ocrx_word' id='word_1_92' title='bbox 547 1632 661 1701; x_wconf 86' lang='lat' dir='ltr'>impedit</span> <span class='ocrx_word' id='word_1_93' title='bbox 679 1632 741 1688; x_wconf 87' lang='lat' dir='ltr'>alba</span> <span class='ocrx_word' id='word_1_94' title='bbox 758 1633 868 1687; x_wconf 84' lang='lat' dir='ltr'>eomas?</span> 
     </span>
     <span class='ocr_line' id='line_1_16' title="bbox 210 1714 1031 1792; baseline 0.005 -25"><span class='ocrx_word' id='word_1_95' title='bbox 210 1714 282 1782; x_wconf 83' lang='lat' dir='ltr'>Quid</span> <span class='ocrx_word' id='word_1_96' title='bbox 300 1715 350 1769; x_wconf 89' lang='lat' dir='ltr'>des</span> <span class='ocrx_word' id='word_1_97' title='bbox 368 1721 395 1770; x_wconf 93' lang='lat' dir='ltr'>et</span> <span class='ocrx_word' id='word_1_98' title='bbox 413 1716 536 1771; x_wconf 88' lang='lat' dir='ltr'>madidos</span> <span class='ocrx_word' id='word_1_99' title='bbox 554 1716 673 1771; x_wconf 83' lang='lat' dir='ltr'>lacrimis</span> <span class='ocrx_word' id='word_1_100' title='bbox 693 1716 962 1788; x_wconf 88' lang='lat' dir='ltr'>corrumpis.ncellos</span> <span class='ocrx_word' id='word_1_101' title='bbox 1023 1786 1031 1792; x_wconf 15' lang='grc' dir='ltr'>,Δ</span> 
     </span>
     <span class='ocr_line' id='line_1_17' title="bbox 245 1800 882 1873; baseline 0.003 -19"><span class='ocrx_word' id='word_1_102' title='bbox 245 1800 414 1872; x_wconf 86' lang='lat' dir='ltr'>Pectoraque</span> <span class='ocrx_word' id='word_1_103' title='bbox 431 1802 528 1857; x_wconf 88' lang='lat' dir='ltr'>insana</span> <span class='ocrx_word' id='word_1_104' title='bbox 544 1802 653 1872; x_wconf 82' lang='lat' dir='ltr'>plangis</span> <span class='ocrx_word' id='word_1_105' title='bbox 671 1807 767 1873; x_wconf 85' lang='lat' dir='ltr'>aperta</span> <span class='ocrx_word' id='word_1_106' title='bbox 784 1803 882 1857; x_wconf 83' lang='lat' dir='ltr'>manui</span> 
     </span>
     <span class='ocr_line' id='line_1_18' title="bbox 210 1885 967 1957; baseline 0.001 -18"><span class='ocrx_word' id='word_1_107' title='bbox 210 1885 259 1939; x_wconf 89' lang='lat' dir='ltr'>llle</span> <span class='ocrx_word' id='word_1_108' title='bbox 276 1885 360 1941; x_wconf 85' lang='lat' dir='ltr'>habet</span> <span class='ocrx_word' id='word_1_109' title='bbox 377 1893 405 1940; x_wconf 91' lang='lat' dir='ltr'>et</span> <span class='ocrx_word' id='word_1_110' title='bbox 422 1887 511 1942; x_wconf 91' lang='lat' dir='ltr'>silices</span> <span class='ocrx_word' id='word_1_111' title='bbox 529 1894 557 1942; x_wconf 92' lang='lat' dir='ltr'>et</span> <span class='ocrx_word' id='word_1_112' title='bbox 575 1889 668 1942; x_wconf 91' lang='lat' dir='ltr'>uiuum</span> <span class='ocrx_word' id='word_1_113' title='bbox 686 1889 714 1942; x_wconf 90' lang='lat' dir='ltr'>in</span> <span class='ocrx_word' id='word_1_114' title='bbox 732 1893 842 1957; x_wconf 86' lang='lat' dir='ltr'>pectore</span> <span class='ocrx_word' id='word_1_115' title='bbox 860 1887 967 1953; x_wconf 88' lang='lat' dir='ltr'>ferrum,</span> 
     </span>
     <span class='ocr_line' id='line_1_19' title="bbox 168 1971 870 2038; baseline 0.006 -15"><span class='ocrx_word' id='word_1_116' title='bbox 168 1985 197 2024; x_wconf 84' lang='lat' dir='ltr'>eo</span> <span class='ocrx_word' id='word_1_117' title='bbox 246 1971 297 2038; x_wconf 84' lang='lat' dir='ltr'>Qui</span> <span class='ocrx_word' id='word_1_118' title='bbox 315 1976 408 2025; x_wconf 89' lang='lat' dir='ltr'>tenero</span> <span class='ocrx_word' id='word_1_119' title='bbox 426 1972 550 2028; x_wconf 86' lang='lat' dir='ltr'>lacrimas</span> <span class='ocrx_word' id='word_1_120' title='bbox 568 1974 658 2029; x_wconf 87' lang='lat' dir='ltr'>lentus</span> <span class='ocrx_word' id='word_1_121' title='bbox 677 1975 705 2028; x_wconf 91' lang='lat' dir='ltr'>in</span> <span class='ocrx_word' id='word_1_122' title='bbox 723 1989 770 2027; x_wconf 94' lang='lat' dir='ltr'>ore</span> <span class='ocrx_word' id='word_1_123' title='bbox 787 1973 870 2028; x_wconf 84' lang='lat' dir='ltr'>uidet.</span> 
     </span>
     <span class='ocr_line' id='line_1_20' title="bbox 210 2055 875 2127; baseline 0.005 -19"><span class='ocrx_word' id='word_1_124' title='bbox 210 2055 268 2121; x_wconf 85' lang='lat' dir='ltr'>llia,</span> <span class='ocrx_word' id='word_1_125' title='bbox 286 2072 358 2124; x_wconf 94' lang='lat' dir='ltr'>pone</span> <span class='ocrx_word' id='word_1_126' title='bbox 376 2063 471 2113; x_wconf 87' lang='lat' dir='ltr'>metus.</span> <span class='ocrx_word' id='word_1_127' title='bbox 489 2059 538 2112; x_wconf 89' lang='lat' dir='ltr'>tibi</span> <span class='ocrx_word' id='word_1_128' title='bbox 556 2060 633 2127; x_wconf 87' lang='lat' dir='ltr'>regia</span> <span class='ocrx_word' id='word_1_129' title='bbox 652 2064 745 2113; x_wconf 91' lang='lat' dir='ltr'>nostra</span> <span class='ocrx_word' id='word_1_130' title='bbox 762 2057 875 2127; x_wconf 88' lang='lat' dir='ltr'>patebit,</span> 
     </span>
     <span class='ocr_line' id='line_1_21' title="bbox 245 2141 859 2213; baseline -0.002 -16"><span class='ocrx_word' id='word_1_131' title='bbox 245 2143 339 2213; x_wconf 88' lang='lat' dir='ltr'>Teque</span> <span class='ocrx_word' id='word_1_132' title='bbox 356 2141 447 2197; x_wconf 90' lang='lat' dir='ltr'>colent</span> <span class='ocrx_word' id='word_1_133' title='bbox 464 2160 567 2198; x_wconf 87' lang='lat' dir='ltr'>amnes.</span> <span class='ocrx_word' id='word_1_134' title='bbox 597 2144 652 2210; x_wconf 81' lang='lat' dir='ltr'>llis,</span> <span class='ocrx_word' id='word_1_135' title='bbox 671 2160 743 2213; x_wconf 93' lang='lat' dir='ltr'>pone</span> <span class='ocrx_word' id='word_1_136' title='bbox 763 2148 859 2197; x_wconf 87' lang='lat' dir='ltr'>metus.</span> 
     </span>
     <span class='ocr_line' id='line_1_22' title="bbox 209 2227 995 2298; baseline -0.003 -16"><span class='ocrx_word' id='word_1_137' title='bbox 209 2228 251 2282; x_wconf 89' lang='lat' dir='ltr'>Tu</span> <span class='ocrx_word' id='word_1_138' title='bbox 270 2232 378 2283; x_wconf 90' lang='lat' dir='ltr'>centum</span> <span class='ocrx_word' id='word_1_139' title='bbox 397 2232 444 2282; x_wconf 91' lang='lat' dir='ltr'>aut</span> <span class='ocrx_word' id='word_1_140' title='bbox 461 2228 553 2298; x_wconf 89' lang='lat' dir='ltr'>plures</span> <span class='ocrx_word' id='word_1_141' title='bbox 571 2229 641 2283; x_wconf 90' lang='lat' dir='ltr'>inter</span> <span class='ocrx_word' id='word_1_142' title='bbox 660 2229 834 2283; x_wconf 87' lang='lat' dir='ltr'>dominabere</span> <span class='ocrx_word' id='word_1_143' title='bbox 852 2227 995 2298; x_wconf 90' lang='lat' dir='ltr'>nymphas.</span> 
     </span>
     <span class='ocr_line' id='line_1_23' title="bbox 243 2312 974 2383; baseline -0.003 -16"><span class='ocrx_word' id='word_1_144' title='bbox 243 2313 313 2367; x_wconf 87' lang='lat' dir='ltr'>Nam</span> <span class='ocrx_word' id='word_1_145' title='bbox 331 2319 440 2368; x_wconf 83' lang='lat' dir='ltr'>centum</span> <span class='ocrx_word' id='word_1_146' title='bbox 457 2319 505 2367; x_wconf 87' lang='lat' dir='ltr'>aut</span> <span class='ocrx_word' id='word_1_147' title='bbox 522 2312 614 2383; x_wconf 89' lang='lat' dir='ltr'>plures</span> <span class='ocrx_word' id='word_1_148' title='bbox 631 2314 744 2368; x_wconf 87' lang='lat' dir='ltr'>flumina</span> <span class='ocrx_word' id='word_1_149' title='bbox 761 2316 855 2367; x_wconf 90' lang='lat' dir='ltr'>nostra</span> <span class='ocrx_word' id='word_1_150' title='bbox 872 2317 974 2367; x_wconf 87' lang='lat' dir='ltr'>tenent.</span> 
     </span>
     <span class='ocr_line' id='line_1_24' title="bbox 171 2398 978 2468; baseline 0 -19"><span class='ocrx_word' id='word_1_151' title='bbox 171 2410 197 2449; x_wconf 81' lang='lat' dir='ltr'>ee</span> <span class='ocrx_word' id='word_1_152' title='bbox 210 2398 249 2452; x_wconf 90' lang='lat' dir='ltr'>Ne</span> <span class='ocrx_word' id='word_1_153' title='bbox 267 2414 310 2452; x_wconf 88' lang='lat' dir='ltr'>me</span> <span class='ocrx_word' id='word_1_154' title='bbox 328 2414 433 2468; x_wconf 90' lang='lat' dir='ltr'>sperne,</span> <span class='ocrx_word' id='word_1_155' title='bbox 452 2414 555 2467; x_wconf 88' lang='lat' dir='ltr'>precor,</span> <span class='ocrx_word' id='word_1_156' title='bbox 573 2402 693 2463; x_wconf 88' lang='lat' dir='ltr'>tantum,</span> <span class='ocrx_word' id='word_1_157' title='bbox 711 2398 830 2452; x_wconf 87' lang='lat' dir='ltr'>Troiana</span> <span class='ocrx_word' id='word_1_158' title='bbox 847 2412 978 2466; x_wconf 84' lang='lat' dir='ltr'>propago.</span> 
     </span>
     <span class='ocr_line' id='line_1_25' title="bbox 244 2483 966 2553; baseline 0 -15"><span class='ocrx_word' id='word_1_159' title='bbox 244 2483 357 2538; x_wconf 86' lang='lat' dir='ltr'>Munera</span> <span class='ocrx_word' id='word_1_160' title='bbox 374 2484 515 2553; x_wconf 87' lang='lat' dir='ltr'>promissis</span> <span class='ocrx_word' id='word_1_161' title='bbox 532 2483 659 2538; x_wconf 87' lang='lat' dir='ltr'>uberiora</span> <span class='ocrx_word' id='word_1_162' title='bbox 675 2483 765 2538; x_wconf 64' lang='lat' dir='ltr'>feres!</span> <span class='ocrx_word' id='word_1_163' title='bbox 963 2487 966 2493; x_wconf 86' lang='lat'>&#39;</span> 
     </span>
     <span class='ocr_line' id='line_1_26' title="bbox 209 2566 962 2624; baseline -0.005 -1"><span class='ocrx_word' id='word_1_164' title='bbox 209 2570 330 2624; x_wconf 84' lang='lat' dir='ltr'>Dixerat.</span> <span class='ocrx_word' id='word_1_165' title='bbox 348 2569 396 2622; x_wconf 89' lang='lat' dir='ltr'>illa</span> <span class='ocrx_word' id='word_1_166' title='bbox 412 2568 506 2624; x_wconf 85' lang='lat' dir='ltr'>oculos</span> <span class='ocrx_word' id='word_1_167' title='bbox 524 2568 551 2622; x_wconf 93' lang='lat' dir='ltr'>in</span> <span class='ocrx_word' id='word_1_168' title='bbox 569 2568 681 2622; x_wconf 90' lang='lat' dir='ltr'>humum</span> <span class='ocrx_word' id='word_1_169' title='bbox 699 2568 806 2623; x_wconf 88' lang='lat' dir='ltr'>deiecta</span> <span class='ocrx_word' id='word_1_170' title='bbox 823 2566 962 2621; x_wconf 90' lang='lat' dir='ltr'>modestos</span> 
     </span>
     <span class='ocr_line' id='line_1_27' title="bbox 245 2652 846 2725; baseline -0.008 -15"><span class='ocrx_word' id='word_1_171' title='bbox 245 2655 399 2725; x_wconf 80' lang='lat' dir='ltr'>Spargebat</span> <span class='ocrx_word' id='word_1_172' title='bbox 415 2658 524 2708; x_wconf 82' lang='lat' dir='ltr'>teneros</span> <span class='ocrx_word' id='word_1_173' title='bbox 542 2654 640 2709; x_wconf 88' lang='lat' dir='ltr'>flebilis</span> <span class='ocrx_word' id='word_1_174' title='bbox 658 2653 743 2708; x_wconf 89' lang='lat' dir='ltr'>imbre</span> <span class='ocrx_word' id='word_1_175' title='bbox 760 2652 846 2707; x_wconf 89' lang='lat' dir='ltr'>sinus.</span> 
     </span>
     <span class='ocr_line' id='line_1_28' title="bbox 210 2735 909 2808; baseline -0.007 -13"><span class='ocrx_word' id='word_1_176' title='bbox 210 2739 264 2795; x_wconf 90' lang='lat' dir='ltr'>Ter</span> <span class='ocrx_word' id='word_1_177' title='bbox 281 2740 376 2795; x_wconf 87' lang='lat' dir='ltr'>molita</span> <span class='ocrx_word' id='word_1_178' title='bbox 392 2741 484 2808; x_wconf 82' lang='lat' dir='ltr'>fugam</span> <span class='ocrx_word' id='word_1_179' title='bbox 502 2743 543 2794; x_wconf 92' lang='lat' dir='ltr'>ter</span> <span class='ocrx_word' id='word_1_180' title='bbox 561 2739 597 2793; x_wconf 90' lang='lat' dir='ltr'>ad</span> <span class='ocrx_word' id='word_1_181' title='bbox 616 2738 686 2793; x_wconf 85' lang='lat' dir='ltr'>altas</span> <span class='ocrx_word' id='word_1_182' title='bbox 704 2737 803 2792; x_wconf 82' lang='lat' dir='ltr'>restitit</span> <span class='ocrx_word' id='word_1_183' title='bbox 821 2735 909 2790; x_wconf 88' lang='lat' dir='ltr'>undas</span> 
     </span>
     <span class='ocr_line' id='line_1_29' title="bbox 174 2824 715 2894; baseline -0.009 -12"><span class='ocrx_word' id='word_1_184' title='bbox 174 2837 198 2875; x_wconf 78' lang='grc' dir='ltr'>ὀ</span> <span class='ocrx_word' id='word_1_185' title='bbox 245 2825 376 2882; x_wconf 82' lang='lat' dir='ltr'>Currendi</span> <span class='ocrx_word' id='word_1_186' title='bbox 394 2825 467 2880; x_wconf 92' lang='lat' dir='ltr'>uires</span> <span class='ocrx_word' id='word_1_187' title='bbox 485 2824 615 2894; x_wconf 88' lang='lat' dir='ltr'>eripiente</span> <span class='ocrx_word' id='word_1_188' title='bbox 634 2828 715 2877; x_wconf 89' lang='lat' dir='ltr'>metu.</span> 
     </span>
    </p>
   </div>
   <div class='ocr_carea' id='block_1_3' title="bbox 163 2871 885 2985">
    <p class='ocr_par' dir='ltr' id='par_1_3' title="bbox 163 2871 885 2985">
     <span class='ocr_line' id='line_1_30' title="bbox 163 2871 885 2985; baseline 0.004 -23"><span class='ocrx_word' id='word_1_189' title='bbox 163 2871 178 2923; x_wconf 43' lang='grc'><strong>1</strong></span> <span class='ocrx_word' id='word_1_190' title='bbox 853 2926 885 2985; x_wconf 78' lang='lat' dir='ltr'>n¹</span> 
     </span>
    </p>
   </div>
   <div class='ocr_carea' id='block_1_4' title="bbox 0 0 1192 3575">
    <p class='ocr_par' dir='ltr' id='par_1_4' title="bbox 0 0 1192 3575">
     <span class='ocr_line' id='line_1_31' title="bbox 0 0 1192 3575; baseline 0 0"><span class='ocrx_word' id='word_1_191' title='bbox 0 0 1192 3575; x_wconf 95' lang='lat' dir='ltr'> </span> 
     </span>
    </p>
   </div>
  </div>
 </body>
</html>
