2375 3575
511 487 622 523 AMORE&

180 618 265 674 Nobis
283 618 391 672 fatifero
409 617 518 671 Mauors
536 617 686 685 aecingitur
703 632 781 671 ense,

216 704 273 758 Nos
292 702 362 771 petit
378 701 483 756 inuicta
500 701 619 756 Palladis
638 700 719 756 hasta
737 718 831 764 manu,

181 788 267 842 Nobis
285 785 416 840 flexibiles
435 790 584 840 curuantur
603 785 737 855 Apollinis
755 802 848 844 arena.

143 881 170 927 ³0
219 873 249 926 In
269 888 319 926 nos
338 870 395 924 alta
412 871 485 926 Iouis
505 871 617 925 dextera
634 870 736 925 fulmen
754 871 848 936 habet,

181 957 328 1011 Formosas
347 956 439 1025 superi
458 960 583 1011 metuunt
601 955 739 1011 offendere
756 956 848 1011 laenas

215 1044 307 1111 Atque
325 1039 396 1095 ultro
413 1056 484 1111 quae
503 1058 533 1096 se
552 1057 606 1095 non
624 1042 736 1095 timuere
753 1042 850 1096 timent

181 1127 217 1181 Et
235 1126 382 1197 qnisquam
400 1126 447 1197 pia
464 1131 527 1180 tura
543 1125 612 1181 iocis
630 1126 761 1195 inponere
779 1127 872 1180 aurat?

217 1212 299 1267 Certe
316 1210 378 1280 plns
396 1210 480 1265 animi
498 1210 580 1265 debet
597 1212 688 1265 inesse
707 1211 780 1265 uiris.

139 1308 166 1351 aa
179 1297 304 1366 Iuppiter
322 1296 385 1364 igne
403 1311 469 1350 suns
486 1295 563 1350 lucos
581 1294 716 1349 iaculatur
735 1300 763 1349 et
780 1311 869 1360 arces,

214 1382 354 1451 Missaque
371 1380 495 1450 periuras
513 1380 569 1434 tela
585 1379 666 1435 ferire
685 1385 768 1435 uetat.

180 1467 247 1535 [Tot
264 1482 386 1519 mernere
403 1465 468 1534 peti.
488 1463 594 1520 Semele
612 1464 774 1520 miserabilis
792 1465 867 1519 arsit.
898 1531 901 1537 η

216 1551 343 1607 officiose
360 1549 397 1604 illi
415 1566 505 1619 poena
523 1553 631 1619 reperta
649 1565 707 1604 suo.

181 1640 218 1692 At
236 1636 260 1691 si
278 1639 393 1690 uenturo
412 1650 443 1689 se
461 1635 637 1690 subduxisset
655 1635 768 1700 amanti,

139 1737 167 1776 m
215 1721 274 1775 Non
294 1726 371 1791 pater
389 1721 417 1774 in
435 1719 543 1774 Baccho
561 1720 655 1774 matris
673 1719 786 1775 haberet
804 1725 893 1791 apua]

180 1807 255 1875 Quid
272 1822 370 1876 queror
389 1810 417 1860 et
434 1810 493 1861 toto
513 1805 584 1860 facio
603 1806 727 1860 conuicia
745 1806 840 1861 eaelo?

215 1891 252 1945 Di
263 1906 372 1961 quoqne
384 1891 487 1945 habent
498 1889 601 1954 oeulos,
620 1890 647 1944 di
660 1906 769 1961 quoque
780 1897 878 1961 peetus
891 1892 1000 1948 habent.

181 1977 210 2031 Si
230 1976 299 2030 dens
316 1976 376 2044 ipse
394 1974 487 2040 forem,
507 1991 606 2029 numen
625 1975 683 2030 sine
700 1974 797 2030 fraude
814 1976 908 2031 liceret

215 2061 329 2116 Femina
346 2060 471 2115 mendaci
488 2059 596 2114 falleret
613 2075 659 2113 ore
677 2076 774 2114 meum.

141 2165 169 2202 rr»
183 2149 247 2218 Ipse
266 2162 317 2215 ego
335 2146 451 2200 iurarem
469 2161 561 2199 uerum
581 2144 670 2199 iurare
688 2145 793 2214 puellas

217 2232 252 2286 Et
270 2248 324 2286 non
343 2230 376 2284 de
393 2229 496 2284 tetricis
515 2229 619 2284 dicerer
637 2245 698 2284 esse
718 2231 792 2286 deus.

181 2318 224 2373 Tu
242 2323 334 2371 tamen
352 2315 458 2369 illorum
476 2314 643 2369 moderatius
662 2321 737 2370 utere
756 2316 827 2371 dono

218 2406 273 2457 Ant
290 2400 376 2455 oeulis
395 2404 469 2454 certe
486 2415 576 2468 parre,
594 2399 693 2468 puella,
713 2401 788 2456 meis.

537 2621 608 2686 1111.

181 2746 257 2800 Dure
274 2743 324 2807 uir,
342 2739 462 2810 inposito
480 2741 592 2793 tenerae
611 2743 725 2797 custode
744 2743 850 2813 puellae

216 2833 258 2890 Nil
276 2833 344 2905 agis.
364 2826 501 2898 ingeniosi
518 2839 644 2895 quaeque
662 2827 765 2882 tuenda
783 2845 841 2884 sno.

182 2923 269 2994 Siqua
287 2929 361 2979 metu
379 2923 490 2995 dempto
508 2918 622 2979 catast,
642 2929 674 2967 ea
692 2914 811 2987 deniqne
829 2919 941 2971 cantant.
