2375 3575
446 494 564 528 unumne
577 492 678 527 suonrs.
900 468 947 522 105

178 626 280 679 Hortor
297 627 337 709 et,
356 628 387 677 ut
405 623 507 692 pariter
524 622 604 677 binas
622 622 746 676 habeatis
765 622 874 677 amicas.

212 710 321 763 Fortior
340 712 393 775 est,
412 709 504 779 plures
523 707 609 777 siquis
628 707 726 761 habere
744 711 845 777 potest.

177 797 261 851 Secta
278 795 406 864 bipertito
424 809 486 847 cum
503 809 580 847 meus
599 792 725 847 discurrit
743 796 870 863 utroque,

213 879 332 934 Alterius
350 880 422 934 uires
440 879 575 933 subtrahit
592 878 661 932 alter
679 894 760 932 amor.

134 978 162 1016 ec
177 964 301 1021 Grandia
318 980 366 1034 per
383 964 483 1019 multos
501 966 649 1017 tenuantur
666 962 776 1017 flumina
793 963 879 1029 riuos,

214 1048 358 1119 Saeuaque
376 1050 487 1104 diducto
506 1049 598 1118 stipite
616 1047 725 1102 flamma
742 1047 820 1118 perit.

177 1135 238 1189 Non
257 1134 324 1189 satis
344 1151 398 1188 una
416 1138 491 1188 tenet
510 1139 619 1188 ceratas
638 1133 758 1187 anchora
776 1149 895 1203 puppes,

214 1220 269 1273 Nec
286 1220 354 1274 satis
373 1224 416 1274 est
432 1218 542 1289 liquidis
560 1219 658 1273 unicus
676 1218 773 1273 hamus
792 1219 879 1289 aquis.

178 1304 231 1372 Qui
250 1304 301 1359 sihi
319 1306 373 1359 iam
391 1304 495 1373 pridem
515 1304 619 1358 solacia
638 1304 701 1358 bina
719 1304 840 1374 parauit,

133 1405 164 1441 oo
215 1390 392 1460 Iampridem
412 1406 517 1444 summa
536 1389 623 1443 uictor
641 1390 669 1442 in
687 1405 749 1443 arce
768 1388 828 1443 fuit.

178 1478 216 1529 At
232 1475 294 1540 tibi,
314 1474 359 1545 qui
376 1475 460 1529 fueris
479 1474 604 1528 dominae
623 1474 693 1528 male
712 1474 831 1529 creditus
850 1476 907 1539 uui,

213 1560 290 1614 Nunc
308 1560 403 1615 saltem
423 1576 510 1613 nouus
529 1563 572 1613 est
588 1560 768 1614 inueniendus
787 1576 870 1614 amor.

177 1645 329 1715 Pasiphaes
346 1646 433 1700 Minos
451 1645 480 1699 in
497 1644 631 1713 Prognide
650 1644 768 1714 perdidit
785 1645 870 1713 ignes.

214 1731 304 1785 Gessit
321 1731 356 1785 ab
374 1731 458 1784 Idaea
476 1730 591 1799 coniuge
611 1730 684 1783 uicta
703 1730 782 1801 prior.

132 1829 163 1866 =55
178 1817 349 1887 Amphilochi
368 1817 451 1871 lrater
470 1833 503 1870 ne
521 1817 643 1886 Phegida
661 1832 767 1886 semper
785 1819 900 1880 amaret,

213 1900 348 1958 Callirhoe
365 1902 430 1956 lecit
448 1906 526 1972 parte
544 1906 655 1972 recepta
672 1903 734 1956 tori.

179 1985 214 2042 Et
232 1987 312 2042 Parin
331 1988 441 2042 Oenone
460 2005 580 2043 summos
598 1986 733 2041 tenuisset
750 1985 784 2039 ad
802 2002 901 2050 armoe,

213 2072 242 2126 Si
261 2088 315 2126 non
333 2073 446 2128 Oebalia
463 2073 551 2142 pelice
569 2072 646 2127 laesa
662 2072 741 2126 foret.

178 2157 309 2226 Coniugis
328 2158 444 2231 Odrysio
462 2158 613 2228 placuisset
630 2157 718 2212 forma
736 2162 859 2228 tyranno.

132 2255 163 2292 so
213 2242 381 2297 Sedmelior
398 2243 508 2298 clausae
527 2243 614 2297 forma
632 2242 733 2297 sororis
753 2245 818 2296 erat.

176 2328 249 2396 Quid
266 2344 355 2383 moror
374 2329 516 2398 exemplis
537 2344 652 2398 quorum
670 2344 713 2382 me
731 2327 812 2382 turba
829 2327 945 2396 fatigat?

211 2413 376 2468 Successore
395 2430 466 2468 nouo
485 2414 601 2467 uincitur
619 2413 707 2467 omnis
726 2428 809 2467 amor.

177 2498 285 2552 Fortius
305 2514 319 2552 e
337 2499 429 2553 multis
448 2504 533 2552 mater
552 2499 804 2563 desideraturum,
828 2538 830 2542 Α

212 2583 300 2651 Quam
318 2599 389 2654 quae
407 2584 475 2638 flens
494 2584 594 2638 clamat
613 2587 650 2638 ‘tu
669 2583 734 2636 mihi
752 2582 827 2637 solus
845 2583 924 2636 erns’

132 2679 161 2716 ca
176 2669 212 2723 Et
230 2684 265 2723 ne
282 2668 352 2722 forte
370 2672 451 2738 putes
470 2685 542 2723 noua
558 2685 603 2723 me
620 2669 669 2724 tibi
688 2668 804 2723 condere
822 2667 894 2733 iura,
913 2698 946 2706 -

211 2758 301 2824 Atque
319 2755 424 2808 utinam
441 2754 545 2809 inuenti
564 2755 651 2823 gloria
670 2757 764 2808 nostra
782 2752 865 2807 foret!
885 2784 916 2793 -

175 2839 250 2893 Vidit
266 2840 296 2894 id
313 2840 430 2895 Atrides.
449 2840 514 2910 quid
533 2841 603 2894 euim
623 2857 677 2894 non
696 2839 740 2893 ille
758 2838 876 2902 uideret,

211 2925 296 2980 Cuius
313 2926 340 2980 in
360 2925 471 2981 arbitrio
490 2925 606 2982 Graecia
622 2928 683 2980 tota
700 2924 770 2978 fuit?
