2375 3575
535 482 644 517 suenus.
925 458 969 511 167

206 610 283 686 Vade
300 626 403 665 mernor
420 612 505 666 nostri
525 617 608 666 uento
626 610 746 666 reditura
764 608 893 665 secundo.

242 695 358 767 Impleat
374 696 420 751 illa
437 701 500 752 tuos
517 696 613 752 fortior
630 713 698 751 aura
715 696 798 751 sinus.

208 782 278 837 'lum
295 799 369 837 mare
387 783 415 837 in
432 782 501 837 haec
518 798 633 852 magnus
656 781 791 852 proclinet
811 780 891 835 litcra
913 780 1024 846 Nereus,

170 877 198 918 m
241 868 303 923 Huc
320 868 395 922 uenti
413 868 530 938 spirent,
547 868 601 922 huc
620 871 685 937 agat
702 872 796 922 aestus
813 882 909 935 aquas.

209 954 274 1024 Ipsa
291 970 383 1023 roges,
402 954 512 1026 zephyri
529 953 642 1008 ueniant
660 953 688 1007 in
705 951 789 1006 lintea
807 952 871 1016 soli,

243 1040 309 1110 lpsa
326 1043 375 1093 tua
392 1056 503 1094 moneas
520 1039 631 1108 turgida
648 1038 711 1093 uela
729 1054 817 1092 manu.

209 1125 315 1180 Primus
332 1140 384 1194 ego
402 1124 532 1195 aspiciam
551 1128 644 1178 notam
662 1124 696 1178 (le
714 1122 793 1177 litore
810 1120 923 1191 puppim

242 1210 280 1265 Et
297 1211 385 1265 dicam
405 1215 521 1265 ‘nostros
539 1210 654 1265 aduehit
670 1209 717 1263 illa
735 1209 818 1264 deos’.

175 1304 198 1343 4⁵
209 1295 406 1366 Excipiamque
424 1296 534 1361 umeris,
554 1297 582 1350 et
599 1294 685 1349 multa
702 1295 760 1348 sine
778 1294 870 1348 ordine
889 1309 1000 1363 carpam

244 1381 352 1437 Oscula
372 1398 422 1451 pro
440 1381 528 1435 reditu
546 1381 657 1435 uictima
675 1383 740 1434 uota
759 1379 845 1436 cadet.

210 1466 296 1537 lnque
313 1466 366 1520 tori
383 1466 497 1521 formam
516 1465 610 1520 molles
628 1469 783 1521 sternentur
800 1465 931 1529 harenae,

243 1551 280 1606 Et
296 1551 416 1606 tumulus
433 1566 544 1607 mensae
562 1550 676 1621 quilibet
694 1566 755 1605 esse
773 1554 873 1620 potest.

209 1636 269 1691 Illic
286 1636 412 1707 adposite
431 1635 552 1691 narrabis
570 1636 656 1690 multa
673 1636 763 1706 lyaeo,

174 1731 198 1772 se
245 1722 335 1777 Paene
353 1723 389 1777 sit
407 1725 437 1776 ut
455 1721 552 1777 mediis
570 1723 668 1777 obruta
686 1720 763 1775 nauis
782 1720 874 1791 aquis,

209 1810 337 1879 Dumque
348 1808 383 1863 ad
394 1825 437 1863 me
448 1824 585 1878 properas,
598 1823 686 1877 neque
695 1807 805 1877 iniquae
810 1812 935 1876 tempora
940 1803 1028 1860 noctis

244 1893 344 1950 Necte
363 1893 527 1964 praecipites
545 1893 702 1948 extimuisse
721 1897 808 1947 notes.

212 1979 310 2035 Omnia
328 1995 377 2049 pro
396 1979 467 2035 ueris
486 1979 608 2043 credam,
627 1978 683 2033 sint
700 1977 764 2032 licta
781 1976 879 2032 licebit.

247 2065 301 2120 Gur
318 2081 369 2134 ego
389 2081 441 2119 uon
460 2064 532 2119 uotis
549 2063 674 2118 blandiar
690 2063 750 2133 ipse
769 2061 853 2117 meisi

172 2158 199 2197 ⁵⁵
211 2150 289 2206 Haec
307 2149 370 2204 mihi
389 2149 588 2220 quamprimum
607 2148 682 2204 caelo
700 2147 879 2202 nitidissimus
897 2145 952 2200 alto

247 2235 354 2290 Lucifer
371 2235 491 2290 admisso
508 2239 632 2304 tempora
649 2236 741 2304 portet
757 2249 837 2303 equo.

562 2457 635 2523 XII.

211 2579 254 2634 Ite
272 2577 448 2648 triumphales
467 2577 565 2631 circum
585 2592 646 2631 mea
663 2579 787 2645 tempora
803 2574 905 2629 laurus.

248 2663 376 2719 Vicimus.
395 2663 423 2716 in
441 2667 562 2716 nostrost
580 2677 643 2716 ecce
662 2660 780 2716 Corinna
797 2659 872 2722 sinu,

213 2750 302 2818 Quam
313 2749 362 2814 uir,
375 2764 458 2819 quam
471 2754 571 2812 custos,
585 2763 666 2816 quarn
679 2746 761 2799 ianua
773 2745 857 2808 firma,
875 2746 917 2796 tot
928 2741 1029 2805 hostes,

248 2834 414 2899 seruabant,
432 2848 523 2903 nequa
540 2835 636 2902 posset
654 2831 688 2886 ab
706 2834 764 2885 arte
783 2829 852 2899 capi.

190 2920 291 2976 illaec
309 2923 352 2974 est
370 2918 516 2990 praecipuo
535 2917 650 2972 uictoria
668 2915 750 2986 digna
767 2913 917 2983 triumpho,
