2375 3575
529 492 640 525 annuns.
818 442 819 445 Ἴ
917 470 965 523 211

201 621 301 675 Necte
320 625 414 675 nostra
431 620 506 675 iubet
524 621 581 675 fieri
601 637 715 676 censura
733 621 875 691 pudieam,

237 706 291 760 Serl
308 710 412 771 tamen,
425 712 461 779 ⁴ut
479 711 596 775 temptes
615 706 801 774 dissimulare,
821 713 906 776 rogat.

175 791 260 846 sNon
279 795 388 861 peceat,
408 807 594 861 quaecumque
613 795 705 861 potest
723 808 853 862 peccasse
871 809 978 862 negare,

237 877 356 946 Solaque
375 876 508 930 famosam
526 877 607 946 eulpa
625 878 749 946 professa
767 877 840 932 facit.

204 962 270 1030 Quis
288 962 363 1016 furor
381 968 434 1026 est,
453 978 524 1032 quae
542 967 622 1016 noete
640 963 739 1028 latent,
758 964 786 1017 in
803 963 863 1018 luce
880 963 961 1018 fateri

239 1047 273 1101 Et
296 1064 366 1118 quae
385 1047 453 1101 olam
473 1048 557 1101 facias
575 1048 651 1102 faeta
668 1048 768 1103 referre
786 1048 894 1118 palam?

204 1133 301 1202 Ignoto
319 1133 445 1187 meretrix
464 1149 562 1202 eorpus
580 1134 705 1187 iunctura
723 1133 819 1201 Quiriti

167 1228 192 1267 10
240 1218 374 1288 Opposita
392 1219 520 1288 populum
540 1223 694 1273 summouet
712 1224 775 1272 ante
793 1235 862 1274 sera.

206 1304 246 1359 Tu
264 1313 312 1358 tua
330 1304 478 1374 prostitues
496 1303 585 1357 famae
603 1309 718 1372 peecata
736 1304 875 1370 sinistrae,

239 1389 382 1444 Commissi
400 1404 516 1458 perages
535 1389 717 1458 iudiciumque
735 1390 793 1442 tui‘l

207 1475 248 1530 Sit
265 1474 312 1528 tibi
332 1491 407 1528 niens
426 1474 532 1539 melior,
552 1473 684 1528 saltemne
702 1474 807 1529 imitare
825 1473 948 1544 pudicas,

239 1560 331 1630 Teque
349 1560 475 1628 probam,
495 1560 619 1628 quamuis
639 1559 775 1622 noueris,
795 1575 856 1613 esse
875 1564 975 1629 putem.

169 1655 191 1692 1⁵
205 1645 280 1713 Quae
299 1645 379 1710 facis,
399 1645 467 1697 haec
484 1645 575 1699 facito.
596 1649 702 1698 tantum
720 1645 818 1699 fecisse
838 1648 948 1715 negato,

239 1730 292 1785 Neo
310 1730 412 1800 pudeat
430 1746 520 1784 eoram
540 1731 623 1784 uerba
642 1731 765 1785 modesta
781 1730 864 1800 loqui.

204 1817 256 1872 Est
273 1817 319 1886 qui
337 1817 485 1887 nequitiam
503 1816 578 1871 loeus
597 1818 694 1886 exigat.
713 1816 837 1871 omnibus
854 1815 928 1870 illum

239 1901 349 1956 Deliciis
368 1901 448 1970 inple.
467 1905 521 1955 stet
539 1902 634 1970 procul
652 1902 714 1956 inde
733 1902 828 1970 pudor.

204 1987 275 2042 Hine
293 1987 372 2042 simul
390 1987 499 2051 exieris,
518 1985 633 2040 lasciuia
651 1986 774 2055 protinus
793 1987 880 2041 omnis

167 2079 193 2121 ao
243 2072 332 2137 Absit,
353 2073 424 2126 etin
443 2072 513 2126 lecto
533 2071 644 2124 crimina
661 2087 732 2141 pone
750 2075 806 2125 tuo.

205 2158 262 2212 lllio
281 2174 330 2212 nec
348 2159 468 2212 tunicam
485 2157 535 2212 tibi
554 2159 590 2212 sit
607 2157 734 2226 posuisse
752 2156 847 2225 pudori

239 2244 293 2298 Neo
311 2243 406 2297 femori
424 2244 572 2313 inpositum
591 2242 755 2297 sustinuisse
773 2242 869 2295 femur.

205 2329 262 2384 lllio
279 2330 422 2399 purpureis
441 2329 573 2382 condatur
590 2328 683 2395 lingua
701 2326 819 2393 labellis,

239 2415 324 2484 luque
342 2415 437 2468 modos
455 2430 581 2468 uenerem
600 2413 672 2466 mille
689 2413 787 2480 figuret
804 2429 887 2466 amor.

166 2506 191 2545 2⁵
205 2499 263 2554 lllio
282 2515 331 2552 neo
350 2515 431 2554 uoces
451 2516 499 2553 neo
518 2500 602 2553 uerba
620 2496 742 2551 iuuantia
760 2504 881 2563 cessent,

240 2583 405 2654 Spondaque
424 2585 528 2639 lasciua
546 2583 695 2637 mobilitate
713 2587 818 2637 tremat.

205 2670 290 2724 ludue
309 2686 369 2723 eum
388 2671 487 2725 tunicis
506 2673 670 2723 metuentem
690 2667 802 2722 erimina
821 2667 937 2733 uultum,

239 2755 275 2808 Et
293 2756 380 2825 pudor
398 2756 545 2810 obscenum
564 2753 712 2808 diffiteatur
730 2769 808 2822 opus.

208 2841 248 2894 Da
266 2841 379 2910 populo,
399 2841 435 2895 da
453 2841 536 2895 uerba
555 2839 627 2893 mihi.
646 2840 716 2904 sine,
735 2840 844 2894 nescius
862 2852 961 2902 errem,

167 2933 193 2973 ³0
240 2926 275 2981 Et
293 2927 373 2980 liceat
390 2925 474 2981 stulta
491 2924 652 2980 credulitate
669 2923 730 2978 frui.

832 3025 876 3064 xx*
