2375 3575
460 471 506 506 aas
520 437 661 506 sunnonem.
916 448 946 502 15

175 602 290 657 Femina
308 616 390 671 quam
407 600 500 654 iuueni
518 600 617 655 blande
634 603 768 669 temptata
785 602 924 670 repugnet.

210 687 288 741 Haec
307 701 429 756 quoque,
447 701 528 755 quam
546 684 650 754 poteris
669 684 777 738 credere
797 684 879 750 nolle,
898 684 980 739 uolet.

130 780 163 821 aaa
176 772 270 842 thue
287 770 346 825 uiro
364 770 465 824 furtiua
482 785 581 833 uenus,
601 769 641 823 sio
658 772 738 839 grata
755 768 869 838 puellae.

212 856 259 911 Vir
276 854 348 909 male
366 853 527 910 dissimulat.
545 854 645 908 tectius
662 853 715 907 illa.
727 853 809 922 cupit.

177 940 333 997 Conueniat
349 940 482 1005 maribus,
501 955 619 1009 nequam
637 954 687 993 uos
705 941 769 992 ante
786 954 925 1007 rogemus,

211 1026 326 1081 Femina
341 1025 396 1079 iam
414 1027 507 1094 partes
524 1024 599 1078 uicta
616 1024 737 1092 rogantis
756 1027 829 1092 agat.

176 1111 305 1167 Mollibus
322 1110 351 1163 in
368 1109 455 1179 pratis
474 1110 597 1177 admugit
614 1108 715 1163 femina
732 1113 819 1163 tauro.

131 1202 164 1245 nso
211 1195 326 1250 Femina
344 1194 482 1265 cornipedi
499 1210 607 1264 semper
625 1193 748 1248 adhinnit
766 1209 845 1264 equo.

176 1281 288 1336 Parcior
306 1280 333 1333 in
351 1279 430 1334 nobis
448 1294 499 1333 nec
515 1284 572 1333 tam
590 1279 694 1333 furiosa
710 1278 801 1333 libido.

212 1365 376 1433 Legitimum
394 1364 474 1418 finem
492 1364 601 1418 flamma
618 1364 703 1418 uirilis
721 1363 811 1418 habet.

177 1450 295 1522 Byblida
313 1448 378 1519 quid
395 1448 522 1514 referam,
542 1448 628 1503 uetito
646 1465 717 1518 quae
734 1449 826 1505 fratris
844 1464 936 1504 amore

213 1534 290 1589 Arsit
307 1539 336 1588 et
353 1537 396 1589 est
412 1534 511 1603 laqueo
529 1533 635 1587 fortiter
652 1534 710 1587 ulta
727 1532 823 1588 nefas?

132 1626 162 1669 lau
176 1620 289 1691 Myrrha
306 1623 423 1688 patrem,
443 1618 492 1672 sed
511 1635 564 1672 non
583 1634 639 1688 qua
655 1618 712 1673 filia
729 1618 820 1686 debet,
840 1620 953 1684 amauit,

212 1704 250 1758 Et
268 1720 341 1758 nuuc
359 1703 476 1758 obducto
494 1704 594 1757 cortice
612 1719 709 1773 pressa
726 1703 801 1759 latet.
1026 1696 1028 1702 ’

176 1791 256 1845 Illius
274 1789 404 1854 lacrimis,
424 1805 493 1859 quas
511 1790 608 1845 arbore
626 1790 716 1844 fundit
733 1791 829 1855 odora,

213 1874 376 1943 Vngnimnr‚
395 1878 423 1929 et
440 1875 566 1928 dominae
584 1875 694 1929 nomina
711 1879 790 1944 gutta
806 1880 889 1930 tenet.

176 1961 264 2015 Forte
281 1960 332 2015 sub
349 1959 484 2014 umbrosis
502 1975 662 2014 nemorosae
679 1960 794 2016 vallibus
812 1961 878 2015 ldae

130 2059 165 2100 ao
215 2044 368 2109 Candidus,
388 2045 502 2098 armenti
520 2043 618 2113 gloria,
637 2048 732 2099 taurus
751 2048 821 2111 erat,
855 2083 857 2087 -

177 2130 311 2199 Signatus
328 2128 404 2183 tenui
421 2129 510 2184 media
527 2129 598 2183 inter
615 2144 717 2184 cornua
735 2130 825 2198 nigro,

215 2215 276 2268 Vna
293 2213 346 2267 fuit
364 2213 451 2279 labes,
471 2218 562 2268 cetera
578 2214 658 2269 lactis
677 2219 761 2269 erant.

177 2299 260 2355 Illum
278 2299 501 2369 Gnossiadesque
519 2298 720 2370 Cydoneaeque
737 2300 869 2356 iuuencae

215 2385 353 2454 Optarunt
370 2387 447 2452 tergo
465 2383 631 2439 sustinuisse
648 2400 707 2439 suo,

129 2491 163 2531 aar
177 2469 318 2539 Pasiphae
335 2469 393 2523 fieri
411 2469 547 2537 gaudebat
564 2469 689 2524 adultera
706 2471 784 2525 tauri.

216 2554 313 2608 lnuida
330 2552 466 2609 formosas
484 2554 579 2608 oderat
596 2554 643 2608 illa
660 2555 754 2617 boues.
854 2540 858 2553 ’

178 2638 253 2694 Nota
271 2654 348 2692 cano.
367 2655 420 2692 non
439 2639 502 2704 hoo,
522 2643 630 2693 centum
648 2626 719 2711 quae
737 2641 855 2694 sustinet
872 2641 965 2705 urbes,

216 2723 348 2791 Quamuis
366 2723 403 2776 sit
418 2724 547 2790 mendax,
566 2723 647 2779 Creta
665 2740 764 2794 negare
782 2729 881 2794 potest,

180 2811 248 2880 Ipsa
265 2825 353 2863 nonas
370 2807 481 2863 frondes
499 2815 527 2863 et
544 2813 624 2877 prata
641 2811 787 2864 tenerrima
802 2815 881 2865 tauro

130 2921 168 2961 aur
215 2894 314 2949 Fertur
330 2893 476 2948 inadsueta
493 2893 667 2948 subsecuisse
685 2911 774 2949 manu.
