2375 3575
543 491 653 526 altoltus.

210 616 246 676 Vt
264 621 362 675 faciem
380 621 449 686 uidi,
468 620 553 675 fortes
571 620 693 674 cecidere
709 620 811 675 lacerti.

246 706 395 762 Defensast
412 705 494 760 armis
512 710 607 760 nostra
624 705 716 775 puella
734 706 800 761 suis

211 791 265 859 Qui
283 792 365 845 modo
383 807 483 846 saeuus
502 807 588 856 eram,
609 791 724 860 supplex
744 791 868 860 ultroque
885 791 993 861 rogaui,

173 890 199 928 oo
248 874 349 930 Oscula
366 892 400 930 ne
419 876 497 930 nobis
516 876 651 930 deteriora
669 876 754 930 daret.

211 962 295 1027 Risit,
314 964 342 1015 et
359 978 393 1016 ex
410 962 501 1016 animo
520 961 596 1015 dedit
613 961 724 1030 optima.
744 961 836 1032 qualia
851 966 966 1031 possent

246 1046 381 1101 Excutere
398 1046 468 1102 irato
486 1046 542 1100 tela
559 1045 673 1101 trisulca
691 1046 758 1100 loui.

212 1131 355 1202 Torqueor
370 1131 476 1197 infelix,
494 1147 529 1185 ne
546 1135 603 1185 tam
623 1132 694 1186 bona
711 1131 828 1186 senserit
845 1130 925 1197 alter,

248 1216 283 1270 Et
301 1217 364 1271 uolo
383 1233 437 1271 non
455 1234 489 1271 ex
506 1215 622 1288 bacilla
639 1216 726 1271 luisse
744 1221 816 1271 nota.

174 1312 200 1350 ⁵⁵
212 1302 290 1356 Haec
308 1318 428 1372 qnoque,
448 1317 529 1371 quam
548 1301 640 1366 docui,
660 1303 745 1355 multo
763 1302 875 1355 meliora
891 1302 1012 1368 fuerunt,

248 1387 283 1441 Et
301 1386 430 1456 quiddam
448 1388 536 1441 uisast
553 1387 721 1441 addidicisse
740 1386 811 1440 noui.

212 1472 291 1540 Quod
310 1472 420 1526 nimium
438 1472 577 1541 placuere,
597 1472 732 1527 malumst.
760 1472 834 1542 quod
852 1475 912 1526 tota
928 1472 1033 1527 labellis

247 1557 353 1625 Lingua
369 1560 446 1612 tuast
463 1558 575 1623 nostris,
595 1561 690 1613 nostra
707 1562 818 1626 recepta
835 1557 899 1612 tuis.
993 1569 996 1577 ·

210 1642 268 1697 Nec
285 1647 376 1696 tamen
395 1643 447 1697 lroc
465 1659 548 1697 unum
567 1641 654 1697 doleo.
673 1659 728 1697 uon
746 1642 842 1697 oscula
858 1645 965 1697 tantum

172 1737 198 1776 oo
247 1727 344 1781 luncta
355 1742 461 1798 queror.
480 1729 606 1799 quamuis
619 1729 687 1783 haec
699 1743 808 1799 quoque
820 1728 914 1782 iuncta
927 1743 1032 1799 queror.

211 1813 263 1868 llla
280 1813 332 1868 nisi
348 1813 377 1867 in
393 1813 466 1868 lecto
483 1830 619 1884 nusquam
636 1818 750 1884 potuere
768 1814 868 1868 doceri.

246 1898 344 1954 Nescio
362 1899 423 1969 quis
441 1899 557 1969 pretinm
576 1900 680 1969 grande
697 1900 828 1968 magister
845 1899 935 1954 habet.

575 2123 630 2187 Vl.

212 2239 362 2305 Psittacus,
382 2240 439 2294 eois
456 2239 587 2294 imitatrix
605 2240 662 2295 ales
681 2240 715 2294 ab
733 2239 820 2305 ludis,

247 2323 361 2379 Occidit
379 2326 509 2395 exequias
526 2325 564 2379 ite
582 2325 751 2396 frequenter,
770 2340 845 2379 aues.

211 2411 266 2476 lte,
284 2410 347 2479 piae
364 2409 502 2476 uolucres,
522 2413 550 2464 et
567 2410 689 2480 plangite
707 2414 821 2479 pectora
838 2409 943 2480 pinnis,

245 2494 282 2548 Et
299 2494 387 2564 rigido
403 2497 512 2550 teneras
531 2512 622 2566 ungue
640 2499 734 2550 notate
751 2511 845 2565 genas.

186 2579 329 2634 ⁵H0rrida
345 2596 397 2649 pro
414 2581 527 2635 maestis
544 2580 661 2635 lanietur
678 2581 772 2650 pluma
790 2579 908 2651 capillis,

245 2663 299 2718 Pro
316 2665 399 2735 longa
415 2671 546 2721 resonent
564 2666 685 2720 carmina
702 2670 795 2721 uestra
812 2666 888 2721 tuba.

211 2749 292 2817 Quod
310 2750 400 2805 scelus
418 2750 524 2806 Ismarii
542 2752 676 2821 quereris,
693 2751 853 2816 Philomela,
872 2750 992 2822 tyranni,

245 2834 391 2904 Expletast
407 2837 486 2891 annis
504 2836 560 2891 ista
577 2836 698 2907 querella
716 2837 782 2892 suis.

210 2919 292 2975 Alitis
310 2921 339 2975 in
355 2937 434 2977 rarae
451 2921 580 2977 miserum
598 2922 739 2977 deuertere
757 2921 847 2976 funus.
