2375 3575
229 462 276 514 124
556 483 664 517 aucuns.

262 615 368 669 Atracis
387 614 531 682 ambiguos
549 613 633 667 traxit
650 612 677 665 in
696 628 771 665 arma
789 611 872 668 uiros.

226 700 281 753 Nec
298 699 362 754 mihi
386 698 456 753 silua
474 698 583 762 domus,
612 713 663 751 nec
685 712 755 768 equo
778 713 840 752 mea
863 699 987 754 membra
1004 715 1044 753 cc-

190 799 213 835 rc
260 784 309 839 Vir
327 803 344 839 a
361 789 388 838 te
407 785 502 838 uideor
518 799 601 852 posse
618 789 711 837 tenere
729 799 835 838 manus.
916 783 1045 853 [haerent.

227 872 301 937 Quae
320 870 368 925 tibi
387 869 443 924 sint
459 868 586 923 facienda
603 873 694 921 tamen
713 883 857 935 cognosce.
878 884 931 923 nec
950 870 1021 924 euris

260 955 303 1009 Da
321 971 381 1008 mea
399 971 450 1008 nec
467 954 566 1024 tepidis
585 954 669 1009 uerba
686 953 799 1007 ferenda
816 954 899 1009 notis.

229 1044 296 1094 Ante
317 1041 378 1094 ueni
397 1055 477 1110 quam
496 1039 545 1092 uir.
564 1055 614 1094 nec
632 1038 709 1109 qnid,
728 1038 751 1093 si
769 1039 879 1094 ueneris
897 1042 976 1105 ante,

260 1125 352 1180 Possit
369 1125 420 1193 agi,
440 1124 527 1178 uiden.
548 1125 596 1178 sed
614 1131 705 1178 tamen
723 1129 787 1178 ante
805 1124 877 1178 ueni.

192 1222 214 1259 rs
229 1211 295 1265 (ium
313 1216 418 1280 premet
435 1210 480 1264 ille
498 1217 594 1275 torum,
614 1210 689 1264 uultu
709 1225 800 1263 comes
817 1210 881 1279 ipsu
898 1209 1024 1265 modesto

261 1296 328 1361 lbis,
348 1300 378 1349 ut
396 1295 553 1361 accumbas,
573 1295 643 1349 clam
661 1294 726 1348 mibi
743 1300 826 1362 tange
843 1295 952 1363 pedem.

227 1383 269 1436 Me
288 1386 383 1451 specta
401 1386 538 1451 nutusque
556 1397 632 1435 meos
650 1380 809 1449 uultumque
827 1379 981 1450 loquacem.

262 1467 362 1536 Excipe
379 1466 496 1519 furtiuas
515 1472 543 1519 et
559 1467 630 1519 refer
647 1466 710 1536 ipsa
728 1469 816 1520 notas.

229 1552 314 1607 Verba
332 1550 482 1621 superciliis
501 1551 560 1605 sine
579 1567 647 1605 uoce
665 1549 805 1620 loquentia
822 1549 921 1605 dicam.

189 1647 213 1686 nu
262 1637 349 1692 Verba
367 1637 441 1706 leges
460 1636 558 1704 digitis.
580 1636 664 1691 uerba
681 1639 776 1691 notata
793 1651 877 1690 mero.

227 1724 293 1778 Cum
312 1723 359 1777 tibi
379 1727 518 1777 succurret
537 1722 644 1776 ueneris
662 1720 777 1775 lasciuia
793 1725 921 1779 nostrae.

260 1810 414 1879 Purpureas
432 1815 525 1863 tenero
544 1807 643 1877 pollice
660 1813 743 1876 tange
761 1796 870 1877 genas.¹

227 1895 322 1965 Siquid
342 1896 401 1958 erit,
421 1894 454 1947 de
474 1910 515 1947 me
532 1894 618 1947 tacita
636 1894 709 1963 quod
727 1896 817 1947 mente
834 1892 971 1963 loquaris.

263 1980 385 2035 Pendeat
402 1992 522 2033 extrema
540 1978 628 2034 mollis
647 1979 682 2033 ab
700 1994 765 2032 aure
783 1994 889 2033 manus.

188 2072 212 2111 9⁵
227 2068 292 2121 Oum
311 2065 359 2120 tibi
379 2080 448 2135 quae
466 2064 573 2125 faciam,
594 2081 655 2118 mea
671 2064 730 2128 lux,
750 2063 875 2117 dicamus
893 2063 1043 2133 placebunt,

260 2152 388 2206 Versetur
406 2150 498 2219 digitis
517 2149 616 2205 anulus
634 2165 721 2219 usque
738 2149 801 2203 tuis.

226 2237 319 2305 Tange
336 2253 418 2290 manu
436 2251 569 2299 mensam,
594 2239 710 2303 tangunt
728 2249 782 2304 qno
800 2250 877 2289 more
894 2241 1042 2305 precantes

260 2321 373 2391 Optabis
392 2321 488 2374 merito
506 2336 567 2373 cum
587 2322 658 2374 mula
676 2320 761 2374 multa
778 2319 846 2374 uiro.

226 2408 306 2475 Quod
323 2407 370 2461 tibi
390 2406 533 2470 miscuerit,
554 2406 654 2476 sapias,
673 2405 749 2460 bibat
766 2405 826 2474 ipse
842 2405 946 2461 iubeto.

187 2500 212 2537 30
259 2494 299 2547 Tu
318 2508 430 2563 puerum
448 2491 543 2546 leuiter
561 2508 653 2561 posce,
672 2491 745 2562 quod
763 2491 825 2560 ipsa
840 2490 929 2546 uoles.

225 2581 301 2646 tinae
319 2584 348 2631 tu
367 2577 530 2642 reddideris,
550 2593 601 2645 ego
618 2577 722 2646 primns
740 2575 841 2646 pocula
858 2592 980 2642 sumam,

259 2664 294 2718 nt
312 2670 413 2733 quatu
432 2663 538 2724 biberis,
558 2662 611 2716 hac
629 2678 680 2731 ego
697 2667 776 2732 parte
793 2661 893 2716 bibam.

226 2753 252 2805 Si
271 2750 319 2804 tibi
337 2751 406 2803 forte
425 2748 513 2811 dabit,
535 2747 609 2817 quod
627 2747 847 2817 praegustauerit
864 2747 940 2817 ipse,

259 2835 340 2889 Reice
358 2833 454 2888 libatus
473 2832 545 2887 illius
565 2850 612 2887 cre
630 2833 714 2888 cibos.

187 2927 211 2962 ³⁵»
224 2922 279 2974 Nec
296 2927 402 2989 premat
420 2919 544 2987 inpositis
564 2919 646 2972 sinito
664 2927 713 2972 tua
731 2917 801 2972 colla
818 2917 946 2983 lacertis,
