2375 3575
226 479 274 531 134
552 500 661 534 aucuns.

224 632 291 685 Cum
310 630 378 683 bene
396 629 509 683 deiectis
526 629 658 697 gremium
676 627 809 698 spectaris
829 626 933 687 ocellis,

258 716 394 782 Quantum
414 701 535 784 quisque¹
548 714 626 778 ferat,
646 712 835 783 respiciendus
855 711 914 765 erit.

224 800 348 856 Forsitan
368 799 513 853 inmundae
530 798 611 852 Tatio
629 802 761 868 regnante
779 797 899 852 Sabinae

185 898 210 936 ro
257 884 397 938 Noluerint
414 883 518 938 habiles
536 884 658 952 pluribus
676 898 738 937 esse
757 882 830 938 uiris.

223 970 299 1024 Nunc
317 970 388 1023 Mars
407 968 524 1023 externis
543 969 650 1022 animos
669 971 777 1022 exercet
793 968 821 1021 in
840 968 924 1021 armis

257 1057 294 1108 At
310 1054 402 1108 Venus
420 1057 529 1107 Aeneae
546 1059 643 1121 regnat
659 1053 687 1106 in
705 1053 772 1107 urbe
789 1053 841 1106 sui.

224 1138 333 1192 Ludunt
349 1137 494 1191 formosae.
514 1142 631 1202 castast,
651 1154 733 1207 quam
751 1154 832 1192 nemo
850 1138 967 1206 rogauit.

258 1226 319 1284 Aut,
340 1222 362 1275 si
382 1213 520 1277 rusticitas
539 1240 592 1276 non
614 1227 694 1288 uetat,
714 1223 776 1292 ipsa
794 1226 883 1292 rogat.

186 1320 211 1356 45
224 1307 282 1360 Has
301 1322 418 1375 quoque,
437 1323 507 1376 quas
526 1307 622 1362 frontis
641 1323 723 1376 rugas
740 1306 767 1359 in
786 1309 890 1360 uertice
910 1312 1011 1375 portas,

259 1392 369 1445 Excute.
388 1391 421 1463 de
441 1392 514 1459 rugis
534 1392 647 1445 crimina
665 1391 749 1445 multa
766 1391 874 1445 cadent.

226 1476 374 1545 [Penelope
391 1476 519 1530 iuuenum
539 1476 611 1530 uires
629 1477 782 1545 temptabat
799 1476 827 1529 in
847 1493 922 1530 arcu.

259 1560 309 1629 Qui
328 1560 399 1616 latus
418 1567 550 1631 argueret,
570 1578 685 1615 corneus
704 1577 782 1615 arcus
802 1564 882 1627 erat]

225 1647 336 1702 Labitur
353 1647 460 1701 occulte
477 1646 600 1716 fallitque
620 1646 745 1701 uolubilis
765 1652 854 1711 aetas,

188 1744 212 1781 ao
259 1731 294 1785 vt
312 1732 382 1785 celer
400 1733 526 1786 admissis
545 1732 644 1786 labitur
662 1732 749 1786 amnis
768 1731 856 1802 aquis.

225 1820 296 1872 Aera
313 1817 400 1870 nitent
418 1834 476 1870 usu.
496 1818 581 1872 uestis
600 1818 672 1872 bona
690 1817 796 1887 quaerit
813 1817 919 1872 haberi.

260 1902 413 1956 Canescunt
431 1902 503 1971 turpi
521 1906 596 1956 tecta
613 1901 707 1956 relicta
725 1901 787 1956 situ.

225 1987 330 2051 Forma,
350 1987 400 2040 nisi
420 1987 556 2052 admittas,
576 1987 649 2041 nullo
668 1992 808 2040 exercente
828 1989 956 2041 senescit.

259 2071 313 2124 Nec
331 2076 398 2125 sans
417 2071 529 2125 effectus
549 2088 619 2125 unus
638 2079 665 2125 et
683 2071 751 2125 alter
768 2071 879 2125 habent.

188 2168 212 2205 55
226 2156 330 2210 Certior
348 2173 363 2209 e
382 2156 480 2221 multis,
500 2148 624 2210 nectam
641 2156 778 2210 inuidiosa
795 2156 928 2225 rapinast.

258 2241 342 2296 Plena
360 2242 435 2295 uenit
453 2241 527 2295 canis
547 2242 579 2295 de
598 2257 680 2309 grege
698 2241 801 2311 praeda
818 2239 900 2310 lupis.

225 2325 309 2391 Ecce,
327 2327 461 2396 quidiste
479 2332 542 2381 tuus
561 2332 669 2395 praeter
688 2343 759 2380 noua
777 2326 899 2379 earmina
919 2330 995 2379 uates

259 2412 366 2465 Donat?
385 2413 514 2467 amatoris
532 2413 606 2465 milia
624 2411 709 2465 multa
725 2411 808 2479 leges.

228 2497 290 2565 Ipse
309 2497 376 2551 deus
396 2503 486 2550 uatum
506 2498 579 2566 palla
599 2496 755 2566 spectabilis
774 2512 857 2550 aurea

188 2594 213 2630 so
260 2581 371 2635 Tractat
389 2583 529 2636 inauratae
548 2599 669 2636 consona
687 2580 732 2634 fila
749 2581 831 2652 lyrae.

227 2667 278 2732 Qui
298 2667 380 2731 dabit,
399 2667 443 2721 ille
460 2668 508 2721 tibi
529 2684 627 2735 magno
647 2668 682 2720 sit
701 2666 786 2719 maior
804 2666 932 2720 Homero.

262 2751 346 2805 Crede
365 2752 437 2816 mihi,
457 2770 499 2806 res
518 2759 560 2806 est
579 2753 720 2820 ingeniosa
738 2752 811 2805 dare.

227 2835 281 2889 Nec
299 2841 335 2899 tu,
355 2837 441 2905 siquis
460 2837 510 2891 erit
529 2837 626 2906 capitis
646 2838 768 2891 mercede
786 2837 951 2906 redemptus,

262 2921 376 2988 Despice
396 2952 427 2958 -
446 2922 555 2990 gypsati
573 2922 673 2975 crimen
693 2922 773 2975 inane
791 2921 870 2990 pedis
888 2952 934 2975 ——.
