2375 3575
512 476 558 511 uns
572 477 712 512 nunnonu.
962 453 997 509 53

228 609 290 677 Quo
307 606 403 676 mgis,
423 623 439 661 ο
456 607 578 672 iuuenes,
597 606 763 677 deprendere
780 607 885 677 parcite
902 577 1019 663 uestra.

262 693 387 756 Peccent
405 695 550 762 peccantes
567 692 653 747 uerbo
669 692 778 747 dedisse
795 695 900 763 putent.

228 778 336 835 Crescit
351 794 428 833 arnor
444 776 559 848 prensis.
577 776 624 832 ubi
642 794 692 848 pur
708 777 818 832 fortune
835 777 988 844 dnornrnet,

176 887 216 928 ιω
262 865 295 919 In
313 880 398 918 conse
415 862 506 917 damni
523 866 630 933 perstet
647 867 761 933 uterque
779 864 830 917 sui.

227 950 334 1006 Fabula
351 952 476 1003 narratur
492 952 551 1003 toto
568 947 712 1003 notissime
729 948 805 1003 coelo

263 1033 417 1091 Mulciberis
434 1034 507 1103 capti
524 1034 651 1103 Marsque
669 1033 815 1105 Venusque
833 1032 911 1089 dolis.

229 1122 302 1176 llars
319 1124 398 1190 pater
414 1120 512 1175 insano
531 1119 642 1174 Veneris
660 1120 786 1175 turbatus
804 1135 896 1174 amore

264 1208 306 1261 De
324 1206 394 1260 duce
410 1204 522 1260 terribili
540 1204 631 1259 factus
649 1210 755 1259 amatu
773 1211 840 1260 erat

179 1315 217 1353 5⁶5
230 1292 285 1348 Nec
293 1291 385 1346 Venus
397 1291 485 1345 oranti
499 1321 531 1329 —
549 1305 639 1360 neque
652 1291 722 1344 enirn
741 1290 792 1344 dea
806 1289 911 1345 mollior
922 1289 1005 1345 ullust
1017 1321 1049 1331 -

264 1377 378 1432 Rustica
396 1376 515 1431 Gradiuo
534 1375 706 1445 difficilisque
723 1374 783 1429 fuit.

230 1466 262 1528 Α,
281 1462 408 1532 quotiens
426 1461 530 1516 lasciua
547 1461 632 1533 pedes
650 1461 744 1516 risisse
762 1461 850 1516 mariti

263 1547 370 1602 Dicitur
386 1550 414 1601 et
432 1546 514 1602 duras
532 1546 596 1615 igne
613 1546 658 1600 uel
675 1551 733 1601 arte
751 1562 856 1601 manns.

229 1634 315 1689 Marte
333 1632 423 1702 palem
442 1630 523 1686 simul
540 1634 583 1686 est
600 1631 751 1686 Vulcanum
768 1632 882 1687 imitate.
901 1632 1023 1697 decebat,

181 1741 216 1779 πο
263 1718 401 1789 Multaque
420 1733 480 1772 curn
498 1717 585 1772 forma
602 1717 691 1786 gratia
708 1717 792 1772 mixta
808 1716 867 1771 fuit.

229 1805 285 1860 Sed
303 1804 371 1860 bene
389 1803 549 1859 concubitus
567 1804 669 1874 primos
687 1802 776 1858 celare
793 1803 924 1859 solebant.

261 1890 346 1945 Plena
363 1889 509 1944 uerecundi
527 1890 608 1959 culpa
624 1889 736 1960 pudoris
755 1896 820 1947 eret.

227 1975 333 2031 Indicio
351 1974 422 2029 Solis
440 2005 473 2013 —
491 1975 552 2045 quis
570 1974 661 2030 Solem
679 1974 773 2031 fallere
790 1977 897 2047 possit?
916 2009 949 2019 —

263 2061 380 2130 Cognita
398 2060 519 2114 Vulcano
537 2061 660 2130 coniugis
679 2063 742 2116 ecta
760 2078 835 2117 suae.

182 2169 216 2206 trs
228 2146 317 2215 Quam
326 2145 405 2212 muln,
419 2145 473 2211 Sol,
487 2145 611 2216 exempla
623 2148 735 2201 mones?
748 2151 811 2217 pete
822 2163 921 2203 munus
933 2147 967 2203 ab
979 2146 1050 2218 ipsa.

261 2232 299 2287 Et
316 2232 374 2298 tibi,
393 2231 416 2286 si
433 2234 535 2296 taceas,
554 2231 629 2302 qnod
647 2231 712 2286 dare
729 2233 825 2302 possit,
844 2233 935 2288 habet

227 2317 358 2373 Mulciber
376 2316 506 2372 obscuros
523 2317 624 2372 lectum
642 2317 768 2389 circaque
786 2334 923 2389 superque

263 2403 392 2473 Disponit
410 2402 531 2473 laqueos.
550 2402 654 2458 lumina
671 2402 740 2457 fallit
758 2420 837 2474 opus

229 2488 321 2559 Fingit
337 2488 389 2542 iter
406 2487 544 2542 Lemnum.
563 2489 677 2542 ueniunt
694 2489 730 2544 ad
747 2490 844 2544 foedus
863 2492 995 2544 amantes.

184 2594 217 2633 seo
262 2573 389 2644 Impliciti
407 2573 512 2644 laqueis
529 2573 619 2628 nudus
638 2579 753 2644 uterque
769 2574 868 2629 iacent.

229 2661 372 2714 Gonuocat
387 2658 432 2713 ille
450 2659 524 2714 deos.
543 2658 675 2728 praebent
692 2659 850 2729 spectacula
867 2659 948 2729 capti.

262 2744 313 2798 vix
331 2743 456 2799 lacrimas
474 2743 604 2799 Venerem
623 2744 790 2799 continuisse
808 2747 914 2816 putent.

229 2829 289 2884 Nou
307 2830 400 2885 uultus
417 2830 519 2885 texisse
538 2846 612 2895 suos,
630 2846 685 2884 non
703 2830 819 2900 denique
837 2832 956 2900 possunt

263 2914 389 2970 Partibus
407 2915 534 2971 obscenis
551 2915 715 2985 opposuisse
732 2931 838 2970 manus.
