2375 3575
255 473 288 526 20
534 496 580 529 aas
594 495 733 529 innuornn.

254 627 295 680 Tu
313 625 375 680 licet
393 625 519 696 incipias,
534 640 593 695 'qua
610 624 705 679 flebilis
723 624 793 679 Allia
810 624 871 678 luce

287 710 447 766 Vulneribus
465 710 550 764 Latiis
568 710 776 777 sanguinolenta
793 709 856 775 fuit,

204 808 241 848 415
254 796 368 866 Quaque
386 796 429 849 die
447 796 561 849 redeunt
582 795 663 849 rebus
682 796 769 850 minus
788 801 853 865 apta
870 796 997 864 gerendis

290 880 369 937 Culta
386 880 541 935 Palaestino
559 881 675 951 septima
691 880 764 935 festa
781 878 856 951 Syro.

253 967 353 1036 Magna
371 966 528 1036 superstitio
546 966 596 1020 tibi
614 965 650 1019 sit
667 965 765 1020 natalis
784 966 899 1031 amicae,

288 1052 401 1121 Quaque
419 1050 521 1120 aliquid
539 1050 695 1116 dandumst,
714 1050 761 1104 illa
778 1051 814 1104 sit
831 1055 891 1105 atra
910 1052 976 1106 dies.

254 1137 322 1191 Cum
338 1137 407 1191 bene
426 1135 531 1200 nitaris,
550 1141 642 1190 omen
661 1135 774 1189 auferet.
795 1136 899 1190 inuenit
917 1142 1002 1192 artem

204 1236 245 1275 rao
289 1221 410 1285 Femina,
430 1236 485 1290 qua
502 1220 593 1291 cupidi
612 1224 706 1290 carpat
723 1221 839 1277 amantis
858 1238 933 1292 opes.
1038 1251 1042 1261 ·

253 1307 363 1361 Institor
380 1305 416 1359 ad
433 1305 569 1361 dominam
587 1306 677 1360 ueniet
695 1306 842 1361 discinctus
861 1323 994 1374 emacem,

287 1391 421 1462 Expediet
438 1407 543 1446 merces
562 1395 644 1460 teque
662 1392 773 1446 sedente
792 1408 864 1457 suae,

253 1477 327 1545 Quas
344 1475 397 1541 illa,
415 1476 558 1547 inspicias,
578 1492 674 1546 sapere
692 1482 723 1530 ut
741 1477 860 1543 uideare,
879 1478 996 1546 rogabit.

287 1561 388 1617 Oscula
405 1560 502 1615 deinde
520 1562 603 1617 dabit.
623 1562 720 1616 deinde
737 1562 855 1633 rogabit,
875 1578 959 1618 emas.

201 1660 238 1699 res
252 1647 312 1701 Hoc
329 1647 386 1701 iore
404 1650 558 1701 contentam
577 1647 675 1702 multos
693 1648 792 1702 iurabit
809 1648 837 1701 in
855 1664 954 1714 annos,

286 1732 362 1786 Nunc
379 1749 448 1803 opus
466 1748 527 1786 esse
545 1734 607 1799 sibi,
626 1750 697 1788 nunc
715 1734 783 1788 bene
802 1733 874 1786 dicet
892 1735 951 1789 erni.
973 1738 974 1741 ’

253 1818 282 1873 Si
300 1835 354 1873 non
371 1834 433 1872 esse
450 1818 534 1884 dorni,
553 1835 623 1888 quos
641 1820 701 1884 des,
720 1819 866 1874 causabere
884 1835 1023 1887 nummos,

286 1903 389 1958 Littera
406 1909 540 1973 poscetur.
559 1921 592 1958 ne
611 1904 738 1959 didicisse
755 1905 837 1958 iuuet.

253 1989 337 2057 Quid,
356 1988 435 2059 quasi
453 1989 537 2043 natali
555 2005 616 2043 cum
634 1991 723 2060 poscit
739 2006 852 2045 munera
868 1990 936 2057 libo,

202 2085 240 2124 reo
286 2073 322 2128 Et
339 2073 464 2144 quotiens
483 2090 552 2144 opus
570 2078 625 2141 est,
644 2076 765 2131 nascitur
781 2075 828 2130 illa
846 2075 915 2130 sibi?

253 2159 334 2228 Quid,
355 2174 415 2213 cum
433 2158 555 2214 mendaci
575 2159 673 2215 damno
693 2161 873 2216 maestissima
890 2161 992 2232 plorat,

285 2243 458 2314 Elapsusque
477 2261 546 2300 caua
562 2245 673 2314 lingitur
690 2262 755 2299 aure
772 2245 860 2315 lapis?

253 2329 337 2385 Multa
353 2332 450 2400 rogant
468 2329 570 2384 utenda
587 2330 656 2395 dari,
675 2330 741 2385 data
758 2331 870 2386 reddere
888 2331 991 2387 nolunt

286 2416 380 2471 Perdis
397 2415 470 2470 etin
488 2415 586 2470 damno
605 2416 692 2486 gratia
710 2415 783 2470 nulla
800 2419 857 2470 tuo.

201 2511 240 2551 ras
252 2500 311 2555 Non
328 2501 405 2566 mihi,
424 2500 571 2569 sacrilegas
589 2501 758 2555 meretricum
776 2504 807 2556 ut
824 2517 971 2572 persequar
987 2505 1029 2559 art

287 2584 355 2639 (lum
371 2586 484 2640 totidem
502 2585 601 2654 linguis
620 2587 675 2641 sint
692 2587 759 2641 satis
778 2603 826 2641 ora
843 2586 944 2641 decem.

253 2669 322 2725 Cera
338 2671 439 2725 uadum
457 2674 573 2740 temptet
589 2672 658 2726 rasis
677 2671 768 2727 infusa
784 2672 901 2727 tabellis.

286 2755 355 2811 Cera
371 2760 436 2810 tuae
455 2756 571 2826 primum
588 2756 699 2811 conscia
716 2757 813 2812 mentis
832 2760 884 2812 eat.

253 2840 401 2895 Blanditias
418 2839 489 2895 ferat
506 2841 552 2895 illa
569 2844 631 2896 tuas
649 2842 808 2912 imitataque
827 2846 964 2898 amantum

198 2937 239 2973 uo
286 2925 381 2980 Verba
401 2942 451 2981 nec
468 2926 591 2995 exiguas,
611 2927 734 2997 quisquis
753 2943 794 2993 es,
814 2928 884 2983 adde
901 2945 946 3000 pre
