2375 3575
459 456 505 490 ans
520 455 661 491 auunoura
911 433 944 487 49

129 602 164 640 us
177 588 236 642 Fac
252 585 348 641 timeat
366 584 401 640 de
417 589 445 640 te
462 584 638 655 tepidamque
655 584 789 640 recalface
806 588 932 641 mentem.

162 715 164 717 v
211 670 318 726 Palleat
334 670 435 725 iudicio
454 670 573 726 criminis
591 670 638 725 illa
655 670 703 725 tui.

177 759 200 815 0
220 761 317 828 quater
335 759 363 811 et
380 756 506 826 quotiens
524 772 636 811 numero
655 756 839 827 conprendere
856 772 912 811 non
929 760 972 813 est

212 842 342 906 Felicem,
361 841 396 896 de
414 857 468 911 quo
486 840 562 896 laesa
579 841 671 912 puella
689 841 770 897 dolet.

177 929 262 997 Quae,
282 926 362 983 simul
378 925 479 982 inuitas
498 927 599 981 crimen
617 928 743 998 peruenit
760 928 796 983 ad
813 943 905 993 auras,

129 1027 164 1065 rso
212 1012 333 1078 Excidit,
351 1015 379 1067 et
396 1013 511 1067 miserae
529 1028 638 1083 noxque
656 1013 784 1084 colorque
800 1013 878 1083 fugit.

176 1100 227 1154 Ille
244 1115 296 1170 ego
315 1098 378 1163 sim,
397 1099 474 1154 cuius
491 1097 576 1153 laniet
592 1098 696 1153 furiosa
714 1098 838 1169 capillos,

212 1184 261 1239 llle
279 1199 330 1252 ego
348 1183 412 1249 sim,
430 1189 538 1239 teneras
556 1183 599 1239 cui
617 1188 695 1254 petat
712 1200 802 1255 ungue
819 1200 916 1254 genas,

178 1271 266 1338 Quem
282 1269 376 1324 uideat
392 1269 551 1336 lacrimans,
569 1285 651 1340 quem
667 1270 754 1325 toruis
772 1273 879 1341 spectet
895 1268 996 1337 ocellis,

213 1354 273 1422 Quo
291 1356 350 1411 siue
367 1371 422 1409 uon
439 1355 528 1425 possit
545 1355 651 1422 uiuere,
669 1371 752 1425 posse
770 1356 844 1411 uelit.

129 1451 165 1489 ¹⁵⁵
179 1441 209 1496 Si
226 1441 347 1513 spatium
365 1435 490 1511 quaeras,
509 1440 591 1495 breue
610 1442 656 1507 sit,
677 1441 750 1511 quod
766 1441 843 1497 laesa
860 1443 995 1512 queratur,

214 1527 253 1582 Ne
272 1525 347 1581 lenta
364 1526 437 1581 uires
454 1525 565 1594 colligat
583 1526 625 1579 ira
642 1543 724 1581 mora.

179 1611 304 1669 Candida
321 1611 478 1666 iamdudum
497 1613 641 1680 cingantur
658 1611 728 1666 colla
745 1611 865 1679 lacertis,

214 1698 300 1768 luque
317 1701 380 1752 tuoe
397 1697 465 1751 flens
484 1700 526 1752 est
544 1697 705 1767 accipienda
722 1698 805 1752 sinus.

132 1857 134 1859 Ι
180 1784 281 1841 Oscula
299 1783 335 1838 da
351 1782 438 1849 denti,
456 1782 569 1838 Veneris
587 1782 623 1838 da
640 1782 741 1854 gaudia
757 1783 843 1848 flenti,

130 1879 165 1917 ⁴⁶⁰
212 1869 270 1925 Pax
288 1871 345 1924 erit.
364 1869 417 1923 hoc
434 1885 488 1923 uuo
506 1868 621 1924 soluitur
638 1871 678 1923 ira
695 1869 784 1924 modo.

179 1961 247 2012 Cum
266 1956 336 2010 bene
354 1954 489 2020 saeuierit,
509 1971 571 2008 cum
589 1958 664 2008 certa
681 1954 817 2010 uidebitur
833 1954 933 2020 hostis,

213 2041 283 2095 Tum
301 2043 365 2111 pete
382 2040 543 2095 concubitus
561 2039 680 2105 foedera,
699 2040 772 2094 mitis
791 2040 848 2094 erit.

178 2126 235 2181 lllic
253 2125 386 2196 depositis
402 2125 509 2180 habitat
526 2125 678 2181 Concordia
695 2125 765 2180 telis.

213 2190 270 2277 lllo,
290 2210 370 2265 crede
388 2210 466 2277 mihi,
485 2211 580 2266 Gratia
597 2215 663 2265 nata
679 2209 775 2265 locost.

138 2303 168 2343 4⁶⁵
180 2297 256 2364 Quae
270 2296 350 2350 modo
368 2301 532 2376 pugnarunt,
553 2296 669 2366 iungunt
686 2312 737 2351 sua
748 2300 837 2351 rostra
849 2294 996 2362 columbae,

213 2384 333 2450 Quarum
350 2381 495 2436 blanditias
513 2382 651 2452 uerbaque
668 2398 787 2436 murmur
805 2382 894 2436 habet.

138 2503 141 2511 -
179 2468 269 2522 Prima
286 2466 339 2521 fuit
354 2467 577 2522 rerum-confusa
593 2467 652 2522 siue
670 2467 763 2522 ordine
780 2466 877 2533 moles,

213 2553 327 2622 Vnaquc
346 2556 405 2606 crat
421 2552 505 2608 iacies
523 2552 614 2607 sidera
631 2557 703 2607 terra
720 2552 826 2607 fretum.

167 2637 241 2692 .llox
255 2637 360 2693 caelum
373 2637 522 2708 inpositum
533 2638 620 2704 terris,
637 2639 735 2693 humus
748 2653 865 2708 aequore
874 2637 997 2702 cinctast,

146 2727 174 2768 uo
215 2723 302 2794 Inque
320 2739 385 2778 suas
403 2728 496 2794 partes
515 2724 599 2779 cessit
616 2724 697 2778 inane
715 2723 805 2779 chaos.

186 2809 258 2864 Silua
274 2810 356 2875 ieras,
374 2808 498 2864 uolucres
516 2824 564 2862 aer
581 2811 688 2879 accepit
705 2808 856 2876 habendas,

210 2881 245 2949 'ln
262 2893 367 2965 liquida
383 2894 473 2964 pisces
491 2893 637 2950 delituistis
655 2910 734 2965 aqua.

843 3000 858 3040 a
