2375 3575
225 452 272 505 lot
549 472 659 507 aucuns.

222 604 337 675 Quoque
353 603 414 657 loco
431 606 522 657 tecum
539 602 635 656 luerim
654 602 848 673 quotiensque,
867 604 996 674 Cypassi,

256 688 377 744 Narrabo
395 688 520 743 dominae
538 692 660 757 quotque
679 687 833 758 quibusque
852 689 949 745 modis.

556 823 660 889 Vllll.

225 928 246 983 0
265 943 412 997 numquam
430 943 480 996 pro
498 942 541 979 me
559 925 628 980 satis
645 925 785 995 indignate
804 926 925 997 Cupido,

259 1012 281 1067 0
297 1013 326 1066 in
346 1012 427 1066 corde
445 1027 505 1065 meo
524 1010 660 1065 desidiose
677 1027 758 1080 puer,

224 1097 295 1166 Quid
313 1114 368 1162 me,
388 1097 434 1167 qni
452 1097 529 1151 miles
547 1112 695 1166 numquam
712 1099 761 1150 tua
778 1096 859 1165 signa
876 1097 982 1168 reliqui,

258 1182 369 1248 Laedis,
388 1187 416 1236 et
432 1181 460 1235 in
479 1182 576 1237 castris
594 1180 723 1235 uulneror
739 1181 800 1250 ipse
817 1183 903 1238 meis?

200 1268 279 1323 sOur
296 1272 345 1321 tua
361 1267 407 1322 fax
425 1267 490 1332 urit,
508 1266 567 1336 figit
583 1270 649 1321 tuus
666 1282 746 1321 arcus
764 1267 886 1322 amicos?

259 1350 353 1408 Gloria
369 1355 525 1423 pugnantes
542 1352 652 1406 uincere
669 1352 754 1406 maior
772 1355 839 1406 erat.

225 1438 306 1506 Quid,
328 1454 382 1492 non
394 1437 572 1503 Haemonius,
592 1452 673 1507 quem
687 1436 799 1507 cuspide
815 1438 945 1507 perculit,
963 1439 1027 1493 berc

260 1523 423 1578 Confossum
441 1523 547 1577 medica
564 1522 711 1592 postmodo
729 1522 799 1576 iuuit
816 1524 887 1593 ope?

215 1608 343 1662 ‘Venator
361 1608 484 1678 sequitur
501 1608 644 1676 fugientia,
664 1611 746 1678 capta
762 1607 903 1679 relinquit,

188 1705 213 1743 ro
261 1692 373 1762 Semper
391 1698 419 1748 et
435 1693 554 1748 inuentis
572 1692 701 1747 ulteriora
719 1693 796 1763 petit.

225 1777 280 1834 Nos
298 1782 347 1833 tua
364 1779 508 1845 sentimus,
527 1777 646 1856 populus
663 1778 712 1834 tibi
730 1778 852 1846 deditus,
872 1797 956 1836 arma
983 1770 986 1775 ⁸

260 1864 341 1933 Pigra
357 1864 501 1919 reluctanti
521 1869 613 1919 cessat
630 1866 657 1920 in
675 1866 755 1920 hoste
773 1881 879 1921 manus.

227 1948 297 2015 Quid
315 1950 392 2003 iuuat
409 1949 437 2003 in
455 1949 535 2005 nudis
553 1951 665 2004 hamata
682 1950 827 2005 retundere
844 1950 902 2005 tela

261 2034 394 2090 Ossibus?
412 2050 477 2088 ossa
494 2035 558 2088 mibi
577 2036 651 2089 nuda
668 2035 796 2106 relinquit
813 2052 897 2090 amor.

191 2131 213 2168 15
227 2119 280 2174 Tot
298 2120 357 2174 sine
376 2137 467 2175 amore
486 2120 548 2186 uiri,
567 2125 610 2175 tot
627 2125 691 2176 sunt
709 2122 767 2177 sine
785 2138 877 2175 amore
895 2121 1007 2192 puellae

260 2205 331 2259 Hinc
349 2205 398 2260 tibi
416 2221 477 2259 cum
495 2221 595 2274 magna
612 2205 693 2260 laude
709 2206 863 2276 triumphus
881 2211 935 2262 eat
964 2233 966 2238 ·

226 2289 325 2355 Roma,
345 2290 397 2344 nisi
415 2290 575 2346 immensum
592 2292 665 2346 uires
683 2292 815 2346 mouisset
832 2291 859 2346 in
877 2292 982 2358 orbem,

262 2375 422 2430 Stramineis
441 2380 515 2431 esset
532 2392 605 2430 nunc
623 2392 732 2447 quoque
749 2380 823 2431 tecta
841 2377 922 2433 casis.

227 2460 330 2515 Fessus
348 2461 377 2514 in
395 2465 524 2530 acceptos
543 2461 620 2516 miles
639 2461 782 2516 deducitur
799 2477 892 2530 agros,

188 2556 214 2596 ao
262 2546 376 2600 Mittitur
393 2546 422 2599 in
439 2546 526 2609 saltus
545 2563 654 2602 carcere
670 2547 738 2602 liber
755 2562 850 2617 equus.

228 2631 376 2702 Longaque
395 2631 557 2686 subductam
575 2632 665 2687 celant
682 2632 792 2688 naualia
808 2632 915 2702 pinum,

261 2716 386 2786 Tutaque
406 2716 532 2786 deposito
549 2718 674 2787 poscitur
692 2734 757 2773 ense
774 2717 857 2772 rudis.

226 2801 268 2855 Me
287 2818 407 2872 qnoque,
427 2802 473 2872 qui
491 2803 591 2858 totiens
610 2791 696 2858 merui
714 2803 766 2858 sub
783 2820 875 2858 amore
893 2802 1010 2872 puellae,

260 2887 426 2942 Defunctum
443 2887 550 2957 placide
568 2888 661 2943 uiuere
678 2892 787 2959 tempus
806 2893 872 2944 erat
