2375 3575
249 472 282 525 58
529 496 575 529 nus
592 496 730 531 sulronm.

198 642 236 681 ecs
248 626 319 679 Dum
338 624 410 679 uires
429 625 547 695 annique
567 626 671 691 sinunt,
688 624 802 679 tolerate
819 623 928 680 labores

282 710 339 764 lam
358 710 451 770 ueniet
467 710 552 765 tacito
573 726 658 764 curua
676 713 788 765 senecta
804 710 883 781 pede.

248 798 304 850 Aut
321 812 394 850 mare
412 796 531 863 remigiis
551 799 601 850 aut
618 812 728 851 uomere
745 795 839 850 findite
856 799 944 852 terras

282 884 338 935 Aut
354 880 413 935 iera
430 880 574 949 belligeras
592 881 685 936 addite
703 882 732 935 in
750 898 826 935 arma
842 897 940 937 manus

248 969 304 1021 Aut
321 967 392 1021 latus
411 970 439 1021 et
456 966 527 1020 uires
546 982 712 1038 operamque
730 966 835 1021 adferte
853 966 961 1037 puellis.

198 1069 234 1107 oar
281 1052 342 1106 Hoc
359 1067 469 1122 quoque
487 1051 618 1117 militiast,
637 1052 691 1107 hoc
709 1068 818 1123 quoque
836 1052 945 1123 quaerit
962 1067 1036 1124 opes.

197 1155 234 1193 uos
249 1137 389 1204 Conscius,
408 1153 480 1202 ecoe,
500 1137 569 1193 duos
588 1137 696 1208 accepit
712 1139 801 1192 lectus
819 1141 944 1193 amantes

282 1223 325 1277 Ad
342 1222 454 1277 thalami
473 1223 589 1288 clausas,
608 1224 693 1289 Musa,
711 1223 809 1277 resiste
827 1222 909 1278 iores.

198 1325 234 1363 nor
249 1308 352 1378 Sponte
370 1324 422 1362 sua
439 1308 497 1362 siue
516 1312 544 1362 te
564 1308 738 1362 celeberrima
756 1307 841 1363 uerba
857 1308 1014 1379 loquentur,

282 1392 336 1447 Nec
354 1410 450 1448 manus
468 1394 495 1448 in
514 1395 585 1448 lecto
604 1393 683 1449 laeua
700 1394 800 1448 iacebit
817 1394 898 1448 inere.

247 1478 390 1533 lnuenient
408 1479 493 1548 digiti,
514 1480 587 1550 quod
607 1482 692 1548 agant
709 1480 737 1533 in
755 1478 879 1549 partibus
897 1478 966 1547 illis,

281 1565 311 1618 Iu
330 1565 428 1635 quibus
446 1564 554 1619 occulte
572 1565 679 1634 spicula
696 1564 778 1633 tingit
794 1566 885 1619 Amor.

247 1650 323 1705 Fecit
340 1650 367 1704 iu
386 1651 577 1705 Andromache
595 1652 671 1721 prius
689 1650 742 1705 hoc
759 1649 925 1705 fortissimus
943 1649 1056 1714 Hector,

196 1751 234 1789 aio
281 1734 336 1790 Nec
354 1735 441 1791 solum
458 1735 537 1792 bellis
554 1736 630 1790 utilis
648 1735 693 1790 ille
711 1736 770 1791 luit.

247 1822 323 1876 Fecit
341 1821 412 1876 etin
432 1826 514 1892 capta
531 1822 679 1894 Lyrneside
698 1837 813 1890 magnus
831 1821 961 1889 Achilles,

282 1907 349 1970 Cum
367 1912 503 1976 premeret
520 1907 629 1961 mollem
647 1907 737 1962 lassus
756 1907 790 1962 ab
807 1906 887 1962 hoste
905 1911 1007 1962 torum.

246 1992 303 2046 Illis
321 1997 348 2047 te
366 1993 442 2061 tangi
460 1992 602 2056 manibus,
622 1993 721 2059 Brisei,
740 1993 862 2060 sinebas,

280 2078 403 2132 Imbutae
421 2077 541 2148 Phrygia
560 2094 631 2148 quae
650 2093 715 2133 nece
736 2094 843 2149 semper
861 2080 959 2134 erant?

195 2178 232 2215 are
247 2167 289 2218 An
306 2163 359 2218 fuit
376 2164 428 2217 hoc
446 2163 543 2233 ipsum,
564 2164 638 2233 quod
656 2167 691 2230 te,
710 2164 826 2230 lasciua,
844 2164 965 2231 iuuaret,

280 2249 324 2304 Ad
341 2252 390 2303 tua
407 2248 534 2302 uictrices
554 2249 674 2303 membra
691 2249 784 2303 uenire
802 2251 917 2305 manus?

247 2335 333 2390 Crede
351 2335 423 2399 mihi,
443 2351 497 2389 non
515 2338 558 2388 est
576 2334 683 2389 ueneris
701 2336 874 2405 properanda
892 2335 1034 2406 uoluptas.

281 2421 336 2476 Sed
354 2420 455 2476 sensim
474 2419 554 2474 tarda
571 2419 740 2490 prolicienda
758 2436 841 2475 mora.

247 2507 314 2560 (lum
332 2506 393 2561 loca
410 2505 575 2576 reppereris,
596 2521 666 2576 quae
684 2506 759 2574 tangi
778 2506 879 2560 lomina
896 2507 1015 2576 gaudet,

195 2602 233 2641 rao
280 2592 339 2646 Non
358 2592 456 2658 obstet,
475 2595 575 2659 tangas
593 2607 648 2660 quo
667 2591 756 2646 minus
774 2591 827 2657 illa,
846 2592 942 2662 pudor.

249 2677 373 2749 Aspicies
392 2677 485 2733 oculos
504 2677 621 2732 tremulo
639 2677 744 2745 fulgore
762 2677 907 2744 micantes,

282 2763 317 2817 Vt
335 2763 376 2817 sol
395 2781 411 2816 a
429 2763 534 2834 liquida
552 2779 636 2832 saepe
654 2762 769 2838 refulget
788 2778 868 2832 aqua.

247 2848 387 2903 Accedent
405 2852 529 2919 questus,
550 2848 663 2902 accedet
681 2848 796 2902 amabile
814 2865 942 2915 murmur,

281 2933 317 2988 Et
335 2934 428 2988 dulces
447 2934 564 3004 gemitus
583 2939 704 3004 aptaque
722 2934 805 2988 uerba
823 2934 893 2989 ioco.
