2375 3575
506 477 553 511 sne
567 476 707 510 anatome.
961 452 990 503 ll

222 606 329 661 Profuit
346 610 375 660 et
391 605 467 661 teum
485 610 583 661 uentos
601 605 722 661 monisse
738 604 840 660 tabella

258 692 295 745 Et
313 707 383 745 caua
400 690 452 745 sub
469 695 592 746 tenerum
611 707 724 746 scamna
741 690 851 746 dedisse
868 689 974 759 pedem,

223 777 283 832 Hos
301 776 392 831 aditus
410 777 552 846 citansque
570 792 642 830 ncnc
660 775 800 846 praebebit
817 775 902 829 amori

260 861 417 931 Sparsaque
435 861 552 917 sollicito
570 860 657 916 tristis
675 861 778 915 harena
795 859 863 914 foro.

175 959 209 997 res
223 946 276 1001 illa
293 962 376 1017 saepe
393 962 461 1016 puer
478 946 590 1000 Veneris
609 946 741 1015 pugnauit
758 945 873 1009 harena,

258 1031 295 1085 Et
312 1032 358 1101 qui
376 1031 513 1100 spectauit
531 1031 644 1085 uulnera
661 1030 760 1085 uulnus
777 1029 869 1084 habet.

135 1115 139 1180 j
224 1116 297 1170 Dum
314 1116 434 1187 loquitur
452 1116 595 1187 tangitque
614 1132 723 1170 manum
746 1115 889 1187 poscitque
906 1113 1025 1169 libellum

258 1201 296 1255 Et
313 1202 420 1271 quaerit
436 1200 527 1270 posito
545 1201 670 1270 pignore,
689 1200 783 1255 uincat
801 1202 872 1265 nter,

225 1286 342 1345 Saucius
359 1286 491 1355 ingemuit
508 1284 647 1356 telumque
666 1285 776 1340 uolatile
793 1284 887 1349 sensit,

174 1386 211 1424 rra
260 1372 295 1425 Et
312 1388 377 1440 pars
395 1371 512 1440 spectati
530 1372 650 1426 muneris
669 1371 728 1440 ipse
746 1370 805 1424 fnit.

224 1456 303 1524 Quid,
323 1456 404 1510 modo
422 1472 483 1510 eum
501 1455 564 1511 belii
581 1456 686 1511 naualis
704 1455 822 1525 imagine
840 1454 942 1510 Caesar

260 1541 386 1596 Persides
404 1541 511 1596 induxit
529 1541 730 1611 Cecropiasque
747 1540 839 1595 rates?

223 1628 328 1696 Nempe
345 1627 380 1681 ab
398 1632 513 1696 utreque
531 1626 598 1680 mari
617 1627 737 1691 iuuenes,
757 1625 793 1681 ab
810 1629 925 1695 unoque
937 1622 1044 1695 puellae

259 1712 375 1778 Venere,
399 1712 511 1783 atque
504 1727 601 1780 ingens
620 1711 717 1766 orbis
710 1727 738 1766 rn
756 1711 822 1766 urbe
839 1710 898 1765 fuit.

138 1781 141 1845 Ι
177 1813 211 1850 rua
225 1799 293 1868 Quis
313 1815 367 1853 non
384 1798 500 1863 inuenit,
523 1796 604 1852 turba
620 1798 694 1867 quod
712 1797 841 1851 amaret
833 1813 862 1851 rn
879 1795 969 1851 illa?

140 1952 142 1957 Ι
260 1883 350 1949 Eheu,
374 1898 457 1953 qnam
474 1883 574 1938 multos
592 1883 701 1937 aduena
717 1882 799 1937 tersit
816 1881 903 1936 amer!

226 1970 311 2035 Ecce,
334 1973 415 2038 parat
432 1968 534 2023 Caesar
552 1968 656 2022 demite
675 1968 748 2038 qnod
766 1967 853 2022 detuit
870 1965 940 2030 orbi,

141 2094 144 2115 1
263 2054 377 2109 Addere.
396 2068 480 2119 nnnc,
500 2053 590 2109 oriens
608 2052 714 2118 ultime,
734 2056 827 2107 noster
844 2051 906 2106 eris.

142 2126 146 2211 Ι
226 2139 339 2203 Parthe‚
359 2138 437 2193 dabis
455 2155 566 2208 poenae.
586 2138 677 2193 Crassi
695 2137 813 2208 gandete
831 2137 931 2206 sepulti

143 2224 145 2253 ³
182 2237 213 2276 rec
262 2223 401 2294 Signaque
418 2223 575 2279 barbaricas
593 2239 648 2278 nnn
667 2223 735 2278 bene
752 2239 836 2292 passa
855 2239 959 2278 manus.

227 2309 302 2364 Vltor
320 2309 400 2364 adest
417 2308 566 2380 primisque
584 2309 682 2363 ducem
700 2307 843 2378 profitetur
860 2307 889 2362 in
906 2307 992 2373 annis,

145 2432 148 2515 t
227 2393 463 2535 addedd:
476 2410 565 2533 iiiii
582 2394 899 2534 itttrtttrbf·

146 2558 150 2651 ἰ
261 2564 424 2621 Caesaribus
442 2564 530 2618 uirtus
547 2563 664 2632 contigit
680 2568 743 2618 ante
761 2563 841 2618 diem.
927 2591 933 2610 ι
1012 2568 1018 2619 i

147 2666 149 2695 r
186 2661 215 2700 res
228 2650 370 2721 Ingenium
387 2648 505 2706 caeleste
523 2649 582 2705 suis
601 2648 721 2705 uelocius
739 2649 818 2704 annis

263 2735 357 2806 Surgit
373 2738 401 2790 et
417 2735 533 2804 ignanae
551 2734 605 2789 fert
621 2733 693 2789 male
710 2733 810 2788 damna
826 2749 927 2789 morae.

228 2821 332 2876 Parnns
350 2824 410 2875 erat
427 2820 605 2890 manibusque
623 2819 692 2874 dncs
711 2818 868 2890 Tirynthius
891 2833 995 2888 angues

261 2905 364 2962 Pressit
380 2906 455 2961 etin
472 2905 550 2960 cunis
566 2905 623 2960 iam
640 2904 705 2958 ione
723 2903 822 2973 dignus
841 2908 907 2960 erat.
