2375 3575
378 855 411 919 r.
435 854 562 920 cumn
583 770 751 920 nuscum

325 976 371 1068 A
412 974 467 1069 Μ
508 975 552 1069 Ο
591 974 639 1069 R
672 975 718 1071 V
756 975 812 1070 M

415 1129 530 1188 LIBER
552 1128 706 1188 PRIMVS.

372 1293 597 1333 EPIGRAMMA
621 1294 753 1334 IPSIVS.

132 1402 134 1405 ·
180 1377 234 1444 Qui
253 1377 333 1431 modo
351 1377 466 1431 Nasonis
484 1376 622 1433 fueramus
643 1378 763 1449 quinque
780 1377 875 1441 libelli,

215 1461 283 1516 Tres
301 1479 404 1517 sumus.
422 1462 473 1517 hoc
491 1462 529 1517 illi
547 1463 678 1533 praetulit
695 1468 790 1517 auctor
807 1479 884 1533 opus.

180 1546 215 1601 Vt
233 1549 288 1601 iam
305 1546 379 1601 nulla
396 1548 444 1603 tibi
463 1565 513 1603 nos
532 1549 569 1603 sit
584 1548 684 1618 legisse
704 1547 843 1618 uoluptae‚

215 1633 252 1686 At
268 1632 353 1687 leuior
371 1632 487 1704 demptis
505 1650 595 1704 pcena
612 1633 718 1688 duobus
736 1634 795 1687 erit.

556 1862 577 1924 Ι.

180 1977 265 2030 Arma
282 1976 359 2044 graui
378 1993 490 2031 numere
508 1977 682 2047 uiolentaque
700 1975 771 2030 bella
788 1976 917 2045 parabam

215 2059 303 2114 Edere
321 2061 434 2115 materia
451 2062 630 2116 conueniente
648 2061 743 2116 modis.

180 2146 233 2199 Par
251 2151 310 2200 erat
327 2146 437 2201 inferior
455 2163 559 2201 uersus
577 2147 671 2202 risisse
689 2146 795 2215 Cupido

216 2230 320 2285 Dicitur
338 2236 421 2302 atque
440 2249 521 2286 unum
541 2231 704 2302 surripuisse
722 2231 828 2301 pedem.

153 2315 258 2383 ⁵·Quis
276 2316 332 2377 tibi,
353 2333 436 2371 saeue
454 2333 533 2386 puer,
553 2317 629 2371 dedit
646 2317 698 2371 hoc
715 2317 743 2370 in
762 2317 880 2371 carmina
897 2316 981 2371 iuris?

214 2399 349 2455 Pieridum
367 2407 454 2468 uates,
473 2419 528 2456 non
544 2406 594 2456 tua
611 2402 691 2456 turba
708 2418 810 2457 sumus.

179 2485 252 2553 Quid
269 2485 293 2540 si
310 2487 458 2557 praeripiat
475 2486 562 2542 flauae
581 2487 671 2542 Venus
690 2504 765 2541 arma
781 2487 932 2551 Mineruae,

216 2569 333 2626 Ventilet
349 2588 479 2627 accensas
496 2573 570 2626 flaua
586 2573 707 2627 Minerua
724 2572 816 2628 laces?

180 2655 248 2723 Quis
266 2657 363 2726 probet
378 2657 407 2713 in
426 2656 503 2712 siluis
522 2658 646 2712 Cererem
664 2674 779 2728 regnare
796 2659 913 2729 iugosis‚

141 2753 167 2790 ιυ
216 2740 289 2811 Lege
307 2743 480 2812 pharetratae
500 2743 611 2812 uirginis
630 2761 697 2805 arua
715 2744 802 2812 ccli?¹

180 2828 306 2883 Crinibus
324 2829 457 2898 insignem
475 2830 536 2899 quis
554 2835 636 2882 acuta
654 2829 767 2899 cuspide
784 2828 921 2883 Phoebum

215 2913 335 2969 Instruat
352 2915 467 2989 Anniam
485 2915 570 2969 Marte
587 2921 714 2969 mouente
731 2913 833 2984 lyram?
