2375 3575
541 478 650 511 AMORE&

248 608 339 677 Turpe
357 623 441 662 senex
459 608 542 672 miles,
561 613 641 676 turpe
660 606 751 661 senilis
770 622 853 659 arnor.

187 698 289 763 hQuos
307 693 410 763 petiere
429 692 512 747 duoes
530 708 617 746 anuos
634 691 662 744 in
680 690 764 744 milite
781 690 852 754 forti,

247 780 306 833 lios
322 778 393 847 petit
409 778 437 830 in
455 776 530 831 soeio
547 775 619 831 boile
636 775 726 846 puella
744 776 809 829 uiro.

212 863 380 931 Peruigilant
398 863 485 918 ambo.
504 870 576 916 terra
594 861 740 931 requiescit
757 865 878 930 uterque.

247 949 295 1003 lile
313 948 385 1003 iores
404 948 529 1002 dominae
547 951 647 1012 seruat,
666 946 756 1001 atille
775 946 860 1000 ducis.

213 1034 304 1090 Militis
322 1033 440 1087 officium
458 1032 567 1100 longast
584 1032 637 1085 uia.
656 1033 731 1085 mitte
749 1030 879 1100 puellam,

178 1137 200 1173 ro
247 1119 380 1174 Strenuus
398 1122 523 1187 exempto
540 1118 594 1172 fine
612 1120 740 1187 sequetur
758 1133 861 1171 amans.

213 1206 266 1261 ibit
282 1204 310 1258 in
329 1204 461 1258 aduersos
478 1207 584 1257 montes
604 1201 795 1271 duplicataque
813 1202 905 1255 nimbo

246 1289 379 1353 Flumina
399 1292 545 1356 congestas
563 1291 667 1342 exteret
683 1286 728 1366 iile
746 1287 831 1341 niues.

213 1375 268 1430 Neo
285 1374 357 1428 freta
373 1389 517 1443 pressurus
535 1372 654 1426 tumidos
666 1371 830 1426 eausabitur
848 1388 928 1426 euros

234 1462 375 1529 ‘Aptaque
393 1459 531 1512 uerrendis
548 1458 639 1513 sideru
657 1460 769 1526 quaeret
788 1457 876 1526 aquis.

179 1562 199 1598 rs
213 1546 281 1613 Quis
300 1543 352 1598 nisi
370 1542 414 1597 uel
433 1543 509 1598 miles
528 1542 570 1597 uel
588 1559 683 1597 amans
702 1547 730 1595 et
747 1542 848 1609 frigora
866 1543 953 1597 noetis

247 1630 283 1683 Et
302 1629 386 1683 denso
406 1628 503 1682 mixtas
521 1628 638 1697 perferet
655 1627 739 1681 imbre
757 1627 853 1681 niues?

212 1716 329 1769 Mittitur
346 1713 460 1767 infestos
478 1713 547 1767 alter
564 1712 720 1783 speculator
737 1712 764 1765 in
784 1713 884 1778 hostes,

249 1802 277 1854 iu
297 1799 381 1853 riuale
399 1799 493 1853 oeulos
512 1799 579 1853 alter
598 1805 628 1853 ut
646 1799 724 1852 hoste
742 1803 823 1852 tenet.

215 1887 261 1940 lile
280 1901 379 1953 graues
398 1884 478 1938 urbes
496 1884 540 1938 hio
558 1884 642 1937 durae
660 1883 739 1937 limen
759 1885 861 1937 amicae

175 1988 199 2026 uo
249 1970 370 2026 Obsidet.
389 1970 432 2023 hie
449 1973 545 2039 portas
556 1969 670 2037 trangit,
690 1974 718 2022 at
735 1968 780 2022 ille
798 1968 880 2023 fores.

214 2060 305 2126 Saepe
323 2064 466 2124 soporatos
483 2055 613 2108 inuadere
631 2054 732 2123 profuit
749 2054 857 2120 hostes,

220 2170 224 2180 ·
248 2140 370 2196 Caedere
387 2146 415 2194 et
433 2143 538 2193 armata
555 2140 654 2209 uulgus
671 2139 772 2192 inorme
791 2156 880 2193 manu.

213 2228 260 2280 Sic
278 2226 337 2278 fere
354 2224 470 2278 Threicii
488 2224 643 2279 oeciderunt
660 2225 769 2292 agmina
786 2223 879 2290 Rhesi,

247 2311 284 2365 Et
302 2310 440 2365 dominum
458 2310 531 2378 eapti
549 2310 707 2364 deseruistis
726 2309 795 2380 equi.

174 2415 198 2452 :n
214 2399 317 2465 Nempe
335 2395 492 2449 maritorum
511 2396 612 2449 somnis
630 2399 743 2448 utuntur
761 2400 897 2461 amantes,

251 2482 285 2536 ht
303 2498 354 2535 sua
371 2481 468 2550 sopitis
486 2481 610 2534 hostibus
629 2497 704 2534 arma
721 2485 840 2534 mouent.

213 2567 367 2623 Custodum
384 2566 499 2620 transire
517 2582 613 2619 manus
632 2564 798 2634 uigilumque
816 2571 940 2620 cateruas

249 2651 342 2706 Militis
360 2658 388 2705 et
406 2651 494 2706 miseri
513 2667 620 2720 semper
639 2649 755 2704 amantis
774 2667 852 2720 opus.

214 2739 287 2794 Mars
306 2737 404 2791 dubins
423 2752 473 2791 neu
490 2739 565 2790 certa
582 2735 682 2790 Venus.
701 2738 820 2806 uictique
837 2739 990 2804 resurgunt,

174 2842 199 2876 :m
249 2824 379 2894 Quosque
397 2838 481 2891 neges
500 2838 627 2891 umquam
645 2838 728 2890 posse
745 2822 841 2885 iacere,
860 2820 968 2874 uadunt.

214 2911 288 2978 Ergo
307 2908 439 2964 desidiam
457 2907 621 2977 quicumque
640 2907 757 2962 uocabat
774 2923 903 2966 amorem,
