2375 3575
268 446 320 499 210
598 468 708 502 incana.

231 612 255 651 15
268 598 303 653 Et
321 598 399 652 uituli
418 598 536 652 noudum
556 597 703 651 metuenda
720 597 809 651 fronte
827 596 950 651 minaces

302 684 337 737 Et
355 685 441 738 minor
458 699 492 737 ex
509 682 602 736 humili
620 681 733 736 uictIma
750 697 850 751 porcus
868 682 938 736 hara

268 768 383 838 Duxque
401 768 492 838 gregis
511 784 594 821 cornu
613 784 661 836 per
678 771 803 836 tempora
820 767 889 821 (lura
906 783 1028 848 recuruo.

302 854 422 908 Inuisast
439 853 564 907 dominae
583 852 644 907 sola
661 852 766 921 capella
784 852 861 907 deae.

270 938 343 993 Illius
361 938 460 992 indicio
479 938 555 992 siluis
573 938 684 992 inuenta
701 938 752 993 sub
770 938 832 993 aitiS

230 1032 256 1074 eo
303 1023 408 1078 Dicitur
425 1024 562 1093 inceptam
581 1023 738 1077 destituisse
755 1023 857 1092 sugam.

268 1108 345 1163 Nunc
363 1124 471 1178 quoque
490 1124 537 1177 per
556 1124 654 1177 pueros
673 1108 767 1163 iaculis
786 1108 931 1164 incessitur
950 1108 1038 1173 iudea,

301 1193 337 1247 Et
354 1193 469 1263 pretium
489 1194 592 1247 auctori
612 1194 732 1249 uulneris
749 1195 810 1264 ipsa
827 1194 917 1248 datur.

268 1278 328 1345 Qua
346 1283 460 1332 uentura
478 1278 569 1344 deast,
588 1280 701 1333 iuuenes
720 1280 886 1349 timidaeque
905 1279 1011 1349 puellae

302 1363 467 1418 Praetexunt
484 1364 555 1419 latas
574 1368 651 1419 ueste
669 1365 775 1419 iacente
794 1365 861 1419 uias.

230 1460 256 1499 ao
269 1448 385 1517 Virginei
404 1449 492 1503 crines
510 1466 576 1504 auro
594 1465 755 1520 gemmaque
772 1454 943 1519 premuntur,

303 1534 339 1587 Et
356 1535 425 1603 tegit
442 1540 553 1589 auratos
572 1535 644 1604 palia
662 1536 781 1605 superba
798 1535 891 1605 pedes.

269 1620 342 1673 More
360 1625 469 1689 patrum
488 1621 570 1675 Graio
589 1620 696 1674 neiatae
716 1621 838 1675 uestibus
857 1620 926 1675 albis

303 1704 415 1759 Tradita
433 1707 577 1775 supposito
596 1705 696 1760 uertice
715 1723 794 1761 sacra
811 1706 910 1760 ferunt.

270 1792 322 1846 Ore
340 1792 434 1845 fauent
451 1791 557 1861 popuii,
576 1797 643 1845 tunc
661 1807 721 1846 cum
741 1793 816 1846 uenit
833 1808 917 1847 aurea
935 1808 1044 1862 pompa,

232 1887 257 1926 ao
305 1877 369 1945 Ipsa
387 1877 544 1931 sacerdotes
563 1877 793 1948 subsequiturque
811 1895 884 1932 suas.

270 1963 399 2029 Argiuast
417 1978 535 2031 pompae
553 1962 646 2018 facies.
666 1965 870 2032 Agamemnone
888 1980 969 2018 caeso

302 2045 338 2100 Et
356 2047 444 2102 scelus
463 2054 490 2101 et
508 2048 612 2117 patrias
631 2048 701 2119 sugit
719 2049 853 2103 Halaesus
873 2066 947 2118 opes,

269 2133 380 2202 Iamque
398 2133 543 2202 pererratis
562 2134 695 2202 profugus
713 2140 840 2204 terraque
858 2135 982 2205 fretoque

303 2217 411 2272 Moenia
428 2218 498 2271 felici
519 2219 639 2273 condidit
657 2219 713 2273 alta
731 2237 820 2273 manu.

232 2313 257 2352 ss
271 2303 318 2357 ilie
336 2319 401 2358 snos
420 2303 512 2357 docuit
531 2304 646 2357 Iunonia
664 2320 743 2358 sacra
760 2304 890 2360 Faliscos.

304 2386 365 2442 Sint
382 2388 459 2453 mihi,
480 2389 535 2442 sint
552 2389 653 2458 populo
673 2406 779 2459 semper
798 2391 885 2445 amica
903 2391 966 2444 suo!

554 2577 757 2584 ———

604 2699 708 2766 XIIII.

201 2849 207 2862 ·
271 2817 329 2872 Non
349 2834 399 2887 ego
418 2835 451 2873 ne
470 2835 580 2888 pecces,
600 2837 659 2874 cnm
679 2820 717 2874 sis
736 2820 867 2883 formosa,
886 2834 996 2884 recuso,

301 2901 358 2960 Sed
375 2919 411 2961 uc
429 2903 467 2961 sit
484 2905 583 2961 misero
602 2905 671 2963 scire
689 2920 803 2960 necesse
821 2904 895 2958 mihi,
