2375 3575
265 435 295 484 14
542 456 589 489 aas
604 456 742 490 uunronrs.

210 598 248 638 555
261 585 313 639 Η15
329 589 360 639 tu
378 584 468 640 fallaci
487 584 598 639 nimium
616 600 651 638 ue
669 584 749 639 crede
766 583 901 638 lucernae.

294 669 398 725 Iudicio
415 669 519 725 formae
537 685 645 739 noxque
662 684 819 739 merumque
836 675 944 723 nocent.

261 755 333 809 Luce
351 754 417 811 deas
436 754 567 824 caeloque
584 754 661 809 Paris
680 754 816 824 spectavit
834 758 942 824 aperto,

295 839 362 894 Cum
381 840 450 894 dixit
467 838 563 894 Veneri
584 840 678 894 ‘uineis
697 844 851 909 utramque,
870 839 979 893 Venus'.

261 924 345 979 Nocte
361 924 449 979 latent
465 924 593 987 mendae,
612 925 733 994 uitioque
751 924 900 993 ignoscitur
918 925 1004 990 omni,

210 1024 248 1064 555
296 1009 424 1080 Horaque
441 1008 588 1064 formosam
608 1008 756 1079 quamlibet
772 1008 820 1062 illa
836 1008 909 1063 facit.
965 1061 967 1065 .

261 1094 379 1149 Consule
397 1094 432 1149 de
448 1094 576 1162 gemmis,
596 1094 630 1148 de
647 1094 734 1148 tincta
751 1094 851 1148 murice
868 1094 943 1159 lana,

295 1178 413 1233 Consule
431 1179 465 1234 de
483 1178 552 1234 lacie
569 1178 783 1249 corporibusque
801 1178 880 1233 diem.

262 1263 333 1331 Quid
349 1263 400 1318 tibi
417 1263 550 1319 femineos
568 1268 665 1341 coetus
683 1259 829 1318 uenatibus
847 1269 928 1333 aptus

296 1348 476 1403 Enumerem?
493 1365 606 1404 numero
625 1349 704 1403 cedet
720 1349 823 1403 harena
841 1365 909 1403 meo.

193 1442 249 1489 '255
261 1433 332 1501 Quid
349 1432 464 1488 referam
482 1434 562 1489 Baias
579 1437 776 1504 praetextaque
792 1434 872 1488 litora
889 1434 957 1488 nelis

294 1517 331 1572 Et
348 1534 418 1589 quae
436 1519 470 1573 de
487 1519 576 1574 calido
594 1519 724 1589 sulphure
740 1520 828 1573 fumat
845 1519 961 1589 aquam?

262 1602 331 1657 Hinc
348 1602 447 1673 aliquis
464 1604 564 1659 uulnus
582 1605 702 1659 referens
720 1604 747 1657 in
765 1607 876 1673 pectore
895 1603 962 1657 dixit

296 1687 362 1743 ‘Non
379 1688 459 1754 haec,
478 1692 509 1743 ut
525 1690 639 1754 iamast,
658 1689 732 1743 unda
750 1688 866 1743 salubris
885 1688 960 1743 erat’.

262 1772 332 1828 Ecce
349 1773 521 1830 suburbanae
538 1772 669 1844 templum
690 1774 826 1829 nemorale
845 1773 951 1828 Dianae

211 1872 249 1911 555
296 1859 432 1929 Partaque
450 1876 499 1929 per
515 1859 623 1928 gladios
641 1875 727 1928 regua
745 1863 861 1913 nocente
880 1875 970 1913 mauu.

262 1942 309 1997 llla
328 1943 401 2013 quod
419 1935 463 1998 est
479 1943 564 2013 uirgo,
584 1943 657 2014 quod
676 1943 890 2013 tela'b'upidinis
909 1943 979 2010 odit,

295 2027 379 2082 Multa
397 2028 472 2083 dedit
489 2028 590 2097 populo
608 2027 728 2091 uulnera
748 2029 833 2083 multa
851 2026 933 2083 dabit.

262 2114 409 2178 Hactenus,
428 2113 501 2167 nude
519 2113 596 2181 legas
615 2113 687 2183 quod
707 2129 789 2175 ames,
809 2113 855 2169 ubi
872 2114 941 2168 retia
958 2128 1013 2183 pou

296 2198 432 2267 Praecipit
447 2197 597 2268 imparibus
615 2201 695 2252 uecta
712 2197 809 2252 Thalia
826 2198 901 2252 rotis.

210 2296 247 2335 555
261 2283 338 2340 Nunc
354 2283 417 2350 tibi,
437 2299 508 2354 quae
520 2282 634 2352 placuit,
654 2298 722 2353 quas
736 2284 772 2337 sit
783 2283 917 2352 capienda
935 2299 1001 2352 perr

296 2369 393 2423 Dicere
409 2368 574 2438 praecipuae
592 2367 688 2422 molior
705 2368 771 2422 artis
790 2383 868 2437 opus.

262 2453 391 2524 Quisquis
410 2454 521 2524 ubique,
540 2453 603 2518 uiri,
624 2453 725 2507 dociles
744 2453 878 2507 aduertite
895 2457 985 2508 mente

295 2537 478 2608 Pollicitisque
495 2537 606 2603 fauens,
624 2537 735 2606 uulgus,
754 2538 849 2592 adeste
867 2538 944 2593 meis.

262 2623 352 2677 Prima
368 2627 433 2678 tuae
450 2623 533 2678 menti
552 2622 646 2678 ueniat
663 2622 762 2677 fiducia
781 2627 893 2677 cunctas

210 2718 249 2758 uro
297 2707 381 2764 Posse
399 2709 468 2778 capi.
487 2709 588 2778 capies.
610 2713 640 2763 tu
658 2709 739 2763 ruodo
757 2708 839 2763 tende
856 2707 962 2778 plagas

264 2793 331 2848 Vere
348 2793 424 2863 prius
442 2793 566 2848 uolucres
584 2797 701 2858 taceant
721 2797 825 2848 aestate
844 2792 955 2848 cicadae

295 2877 445 2934 Maenalius
462 2877 548 2948 lepori
566 2877 614 2932 det
631 2894 681 2933 sua
697 2885 776 2948 terga
793 2878 881 2943 canis,
