2375 3575
233 449 280 503 152
558 473 667 507 anonae.

263 603 337 657 Vnde
355 603 397 657 uir
415 603 548 657 incestum
567 602 638 657 scire
657 605 770 657 coactus
788 605 856 659 erat.

229 688 321 742 Poena
338 688 423 741 minor
442 688 544 741 merito.
563 687 657 741 nocuit
674 687 748 741 mala
763 687 859 758 lingua
877 689 988 746 dnobus.

192 787 216 824 oo
265 773 310 827 Vir
329 771 421 827 doluit.
439 772 529 825 lamae
548 772 649 826 damna
666 772 760 842 puella
777 774 847 829 tulit.

230 858 315 913 Crede
334 857 408 923 mibi,
428 856 493 911 nulli
511 860 576 911 sunt
593 857 706 911 crimina
724 863 805 926 grata
822 860 935 926 marito,

262 942 318 996 Nec
337 957 508 1012 quemquam,
527 942 653 1010 quamuis
672 943 773 1008 audiat,
792 943 839 998 illa
855 946 961 999 iuuant

229 1028 282 1083 Seu
301 1031 384 1097 tepet,
402 1027 531 1081 indicium
550 1043 662 1082 securas
680 1028 771 1096 perdis
790 1028 827 1082 ad
845 1045 935 1096 aures,

263 1114 327 1169 Siue
345 1117 426 1178 amat,
446 1112 535 1166 officio
553 1113 583 1165 fit
602 1113 683 1167 miser
699 1112 744 1167 ille
761 1117 819 1168 tuo.

190 1209 213 1246 5⁵
229 1199 317 1267 Culpa
335 1213 386 1251 nec
404 1213 436 1251 ex
454 1197 526 1251 facili
546 1198 672 1267 quamuis
690 1197 840 1252 manifesta
855 1198 992 1267 probatur.

261 1283 362 1337 Iudicis
379 1282 426 1336 illa
444 1283 486 1337 sui
504 1286 565 1336 tuta
581 1282 678 1337 fauore
696 1283 779 1336 uenit.

228 1367 330 1422 Viderit
347 1367 408 1436 ipse
425 1366 496 1433 licet,
515 1368 608 1422 credet
625 1371 718 1421 tamen
735 1368 780 1422 ille
798 1370 921 1437 neganti,

260 1452 462 1522 Damnabitque
480 1451 574 1507 oculos
593 1458 621 1507 et
638 1452 690 1507 sibi
709 1453 793 1528 uerba
810 1454 897 1508 dabit.

227 1537 371 1608 Adspiciat
388 1537 514 1591 dominae
531 1537 666 1602 lacrimas,
685 1537 804 1607 plorabit
822 1543 850 1592 et
867 1538 931 1609 ipsc

188 1634 213 1672 co
261 1622 297 1675 Et
316 1622 387 1677 dicet
405 1627 517 1691 ‘poenas
534 1622 660 1690 garrulus
678 1624 730 1677 iste
748 1623 846 1679 dabit?

228 1707 299 1774 Quid
317 1708 410 1777 dispar
428 1712 565 1761 certarnen
585 1708 655 1762 inis?
673 1708 722 1763 tibi
741 1709 856 1763 uerbera
874 1710 950 1765 uicto

261 1793 378 1847 Adsunt.
396 1793 424 1846 in
442 1793 544 1860 gremio
562 1793 660 1849 iudicis
677 1793 724 1848 illa
742 1795 827 1849 sedet

227 1878 287 1931 Non
306 1879 395 1932 scelus
414 1878 593 1946 adgredimur,
613 1895 668 1932 uon
686 1879 722 1933 ad
740 1880 883 1935 miscenda
902 1882 1006 1937 coimus

263 1963 373 2027 Toxica,
392 1980 445 2017 non
464 1963 560 2017 stricto
578 1963 706 2019 fulminat
723 1981 788 2019 cnse
806 1982 915 2022 manus.

189 2060 214 2097 eo
228 2048 395 2115 Quaerimus,
415 2053 445 2103 ut
463 2052 523 2102 tuto
540 2065 591 2117 per
609 2054 636 2103 te
654 2050 791 2118 possimus
811 2067 912 2106 amare.

261 2133 332 2200 Quid
350 2134 476 2202 precibus
494 2134 595 2188 uostris
615 2134 721 2189 mollins
739 2151 801 2189 esse
819 2137 930 2205 potest?

586 2357 641 2424 ΙΙΙ.

225 2475 257 2528 Εἰ
275 2475 347 2540 mihi,
368 2476 441 2544 quod
459 2475 594 2529 dominam
615 2492 665 2530 nec
683 2476 724 2532 nir
742 2492 793 2531 uec
810 2476 912 2531 femina
929 2493 1032 2544 seruas,

259 2560 353 2614 Mutua
371 2577 421 2614 nec
438 2561 551 2615 Veneris
569 2562 672 2628 gaudia
690 2578 773 2617 nosse
790 2563 882 2631 potes!

225 2646 276 2713 Qui
294 2646 398 2715 primus
416 2645 509 2715 pueris
527 2647 657 2714 genitalia
675 2648 796 2702 membra
813 2647 917 2713 recidit,

258 2731 383 2795 Vulnera,
403 2748 474 2801 quae
492 2731 564 2795 fecit,
584 2732 677 2786 debuit
694 2733 755 2802 ipse
772 2732 838 2802 pati.

198 2815 310 2869 aMollis
329 2816 355 2868 in
374 2816 535 2886 obsequium
553 2817 697 2887 facilisque
713 2817 874 2885 rogantibus
894 2814 980 2885 essee,

258 2898 287 2953 Si
304 2904 368 2955 tuus
386 2901 414 2956 in
433 2903 531 2971 quauis
550 2903 751 2972 praetepuisset
769 2919 852 2958 amor.
