2375 3575
497 474 606 507 AMORE&

494 654 594 739 ,vnn

161 766 305 830 Ponendis
323 774 350 829 in
369 774 440 829 mille
457 775 552 828 modos
568 772 692 843 perfecta
710 773 814 842 capillis

205 861 316 915 Comere
334 859 383 914 sed
400 859 474 914 solas
492 858 575 928 digna
593 858 708 929 Cypassi
727 859 793 913 deas

166 941 206 999 Et
223 945 288 999 mihi
304 944 423 999 iucundo
441 960 495 999 non
512 944 616 999 rustica
633 944 743 1012 cognita
759 944 832 999 furto

204 1033 277 1101 Apta
295 1030 402 1100 quidem
422 1029 547 1084 dominae
565 1028 614 1084 sed
632 1030 718 1098 magis
737 1033 802 1099 apta
819 1029 896 1094 mihi,

171 1115 237 1184 Quis
254 1114 306 1169 fuit
322 1115 394 1170 inter
410 1131 461 1170 nos
480 1115 576 1170 sociati
594 1115 715 1184 corporis
733 1114 831 1169 index?

204 1200 296 1256 Sensit
314 1200 473 1255 concubitus
491 1200 563 1255 unde
582 1200 701 1255 Corinna
717 1200 797 1254 tuos?

169 1286 238 1341 Num
256 1290 346 1341 tamen
364 1286 476 1341 erubui?
495 1302 557 1339 nuni
576 1286 660 1340 uerbo
678 1284 772 1355 lapsus
790 1285 817 1340 in
836 1285 890 1340 ullo

203 1371 332 1427 Furtiuae
350 1371 456 1426 ueneris
474 1371 584 1426 conscia
601 1370 680 1439 signa
698 1371 777 1425 dedi?

169 1456 241 1525 Quid
260 1456 341 1526 quod,
359 1456 386 1509 in
405 1456 502 1511 ancilla
519 1456 606 1526 siquis
625 1456 780 1526 delinquere
798 1457 899 1526 possit,

204 1542 281 1597 lllnrn
300 1556 351 1611 ego
369 1541 496 1597 contendi
513 1545 604 1595 mente
623 1557 714 1596 carere
731 1542 820 1596 bona?

170 1626 330 1699 [Thessalus
348 1626 461 1681 ancillae
478 1626 547 1681 facie
565 1627 702 1681 Briseidos
722 1627 796 1681 arsit.

204 1713 290 1767 Serua
306 1712 452 1784 Mycenaeo
470 1711 594 1767 Phoebas
613 1717 704 1766 amata
722 1714 792 1767 duci.

167 1799 224 1856 Nec
242 1815 302 1854 sum
320 1814 371 1867 ego
388 1797 531 1852 Tantalide
548 1799 634 1853 maior
652 1815 702 1853 nec
720 1799 805 1854 maior
822 1799 934 1854 Achille.

203 1883 283 1952 Quod
301 1883 392 1938 decuit
408 1899 498 1953 reges,
517 1899 565 1938 cur
582 1884 648 1938 mihi
664 1889 743 1954 turpe
761 1886 883 1956 paterni]

170 1969 204 2023 Vt
221 1974 313 2023 tamen
332 1969 417 2024 iratos
434 1969 461 2023 in
479 1974 506 2023 te
525 1969 618 2024 defixit
635 1969 746 2036 ocellos,

203 2055 264 2109 Vidi
281 2059 310 2108 te
327 2053 393 2109 totis
411 2054 552 2110 erubuisse
569 2055 654 2124 genis.

167 2142 206 2196 nt
223 2143 340 2210 quanto,
360 2140 383 2194 si
401 2139 472 2194 forte
489 2139 584 2206 refers,
602 2142 772 2211 praesentior
789 2141 849 2211 ipse

203 2225 255 2280 Per
272 2225 384 2280 Veneris
401 2225 453 2280 feci
472 2225 582 2280 numina
601 2241 699 2294 magna
716 2226 809 2281 fidem!

168 2310 223 2376 Tu,
243 2310 306 2378 dea,
324 2313 355 2364 tu
372 2310 467 2365 iubeas
485 2311 567 2364 animi
585 2311 705 2380 periuria
722 2313 781 2382 puri

203 2396 380 2466 Carpathium
398 2396 506 2466 tepidos
523 2412 572 2466 per
590 2413 664 2451 mare
681 2396 751 2452 ferre
769 2401 857 2453 notos.

167 2482 221 2538 Pro
240 2481 339 2552 quibus
357 2481 453 2536 officiis
471 2481 586 2550 pretium
605 2482 669 2536 mihi
688 2482 766 2537 dulce
782 2482 901 2554 repende

203 2567 371 2622 Concubitus
389 2566 481 2631 hodie,
500 2565 579 2620 fusca
596 2567 724 2639 Cypassi,
743 2573 813 2623 tuos.

168 2652 242 2722 Quid
260 2652 351 2706 renuis
369 2652 502 2721 fingisque
520 2667 619 2717 nouos,
637 2653 757 2724 ingrata,
776 2653 903 2708 timores?

204 2737 319 2792 Vnumst
336 2753 352 2791 c
369 2738 485 2793 dominis
503 2738 650 2800 emeruisse
668 2739 744 2794 satis.

168 2824 249 2893 Quod
267 2825 290 2879 si
309 2823 393 2878 stulta
410 2841 505 2894 negas,
523 2824 606 2878 index
624 2828 687 2878 ante
705 2828 767 2878 acta
783 2823 902 2888 fatebor,

206 2909 243 2964 Et
261 2909 367 2963 ueniam
385 2909 482 2980 culpae
500 2909 622 2980 proditor
639 2909 698 2980 ipse
716 2923 804 2975 meae,

809 3015 833 3053 11
