2375 3575
554 466 663 501 UORES·

551 646 670 711 XVIII.

227 772 341 825 Carmen
359 767 396 821 ad
412 767 511 821 iratum
529 765 592 820 dum
611 767 642 819 tu
659 765 788 835 perducis
806 764 924 820 Achillen
1029 825 1031 832 ¹

259 854 403 923 Primaque
421 851 516 906 iuratis
534 849 625 905 induis
643 867 720 905 arma
739 851 816 915 uiris,

226 939 289 1003 Nos,
306 940 404 1004 Macer,
422 938 523 1005 ignaua
540 935 651 990 Veneris
670 952 809 991 cessamus
828 936 856 990 iu
874 935 969 998 umbra,

261 1025 296 1078 Et
313 1028 390 1077 tener
407 1037 523 1077 ausuros
540 1020 656 1089 grandia
672 1020 774 1089 frangit
793 1026 882 1076 Amor.

201 1110 316 1178 eSaepe
334 1124 411 1162 meae
429 1106 555 1160 ‘tandem'
574 1106 630 1160 dixi
648 1106 775 1161 ‘discede’
793 1106 908 1177 puellae.

260 1195 291 1248 ln
309 1192 412 1262 gremio
430 1191 502 1246 sedit
518 1191 643 1261 protInus
660 1191 707 1245 illa
724 1208 793 1246 meo.

228 1280 317 1348 Saepe
336 1278 435 1348 ‘pudet’
454 1276 517 1331 dixi.
535 1276 655 1331 lacrimis
674 1276 719 1331 uix
735 1276 783 1331 illa
799 1277 914 1333 retentis

262 1364 312 1418 ‘Me
330 1363 467 1428 miseram,
485 1362 540 1416 iam
557 1362 593 1416 te'
612 1361 679 1416 dixit
698 1368 796 1416 ‘amare
814 1363 925 1433 pudetl’

227 1449 415 1519 Implicuitqne
434 1463 499 1502 suos
517 1447 618 1501 circum
635 1463 696 1501 mea
713 1446 783 1501 colla
800 1447 918 1504 lacertos

190 1548 214 1586 ro
261 1534 303 1599 Et,
323 1549 393 1604 quae
412 1549 454 1587 me
471 1532 595 1603 perdunt,
615 1532 708 1587 oscula
725 1532 796 1587 mille
809 1533 892 1587 dedit.

227 1620 332 1684 Vincor,
351 1622 379 1673 et
396 1618 534 1689 ingenium
553 1617 670 1688 sumptis
687 1621 832 1672 reuocatur
850 1618 884 1673 ab
903 1617 986 1681 armis,

261 1705 371 1774 Resque
389 1704 462 1759 domi
479 1705 572 1771 gestas
590 1707 619 1756 et
635 1718 697 1757 mea
713 1702 784 1758 bella
802 1717 880 1757 cano.

228 1791 344 1860 Sceptra
360 1793 452 1844 tamen
470 1789 586 1859 sumpsi,
606 1805 724 1859 curaque
740 1788 884 1857 tragoedia
901 1792 989 1844 nostra

262 1875 360 1940 Creuit
379 1878 408 1929 et
424 1873 488 1928 huic
505 1873 581 1943 operi
600 1874 747 1945 quamlibet
764 1881 846 1945 aptus
864 1891 947 1930 eram.

191 1974 215 2012 15
228 1960 299 2015 Risit
316 1963 398 2014 Amor
415 1958 571 2030 pallamque
589 1976 677 2013 meam
695 1959 837 2029 pictosque
855 1960 997 2014 cothurnos
1018 2003 1023 2013 .

262 2045 430 2115 Sceptraque
447 2045 556 2114 priuata
572 2048 630 2098 tam
648 2045 701 2099 cito
720 2049 830 2114 sumpta
848 2061 938 2099 manu.

226 2131 297 2185 Hinc
314 2147 423 2200 quoque
441 2146 484 2184 me
502 2129 627 2184 dominae
645 2146 744 2185 numen
763 2129 876 2184 deduxit
892 2131 1005 2201 iniquae„

261 2217 355 2286 Deque
374 2216 535 2270 cothurnato
553 2219 616 2269 uate
633 2215 783 2284 triumphat
801 2216 891 2270 Amor.

227 2302 305 2368 Quod
323 2301 393 2367 licet
413 2305 461 2355 aut
479 2305 551 2355 artes
568 2300 655 2355 teneri
673 2301 829 2370 profitemur
848 2301 956 2355 Amoris

189 2397 214 2437 ao
261 2386 293 2439 Ei
313 2386 385 2452 mihi,
403 2386 558 2457 praeceptis
576 2401 674 2455 urgeor
690 2386 750 2455 ipse
768 2386 835 2440 meis
856 2417 899 2450 —,

227 2472 282 2526 hut
300 2473 373 2542 quod
391 2471 540 2541 Penelopes
558 2471 649 2527 uerbis
666 2471 795 2526 reddatur
814 2470 882 2525 Vlixi

262 2556 409 2612 Scribimus
427 2561 455 2611 et
472 2556 606 2622 lacrimas,
624 2555 711 2624 Phylli
729 2555 830 2622 reheta„
849 2561 925 2622 tuas,

227 2640 305 2708 Quod
323 2641 399 2696 Paris
418 2647 446 2696 et
461 2641 603 2696 Macareus
622 2646 650 2696 et
667 2642 741 2712 quod
758 2641 829 2697 male
845 2646 941 2712 gratus
960 2640 1019 2695 laso

260 2726 455 2798 Hippolytique
473 2742 573 2797 parens
591 2726 811 2797 Hippolytusque
829 2727 929 2795 legant

189 2820 213 2860 nr
227 2810 360 2882 Quodque
377 2816 473 2867 tenens
491 2812 616 2867 strictum
632 2812 704 2868 Dido
723 2811 882 2867 miserabilis
901 2827 993 2868 ensem

262 2897 342 2950 Dicat
359 2900 387 2951 et
404 2898 509 2952 Aoniae
526 2896 623 2953 Lesbis
642 2897 730 2952 amica
747 2897 829 2970 lyrae.
