2375 3575
495 484 542 519 aas
557 484 695 519 suanorum.
946 459 980 514 23

224 614 271 669 lec
288 614 347 669 sine
364 616 393 668 te
410 630 493 668 curuo
511 614 607 668 sedeat
625 614 751 684 speciosa
768 614 884 668 theatro.

249 698 329 767 Quod
346 702 467 769 spectes,
486 699 585 753 umeris
604 698 709 753 adferet
725 698 772 753 illa
789 699 854 754 suis.

214 784 292 839 lllam
308 784 452 855 respicias,
471 783 543 837 illam
562 784 657 838 mirere
674 783 772 838 licebit.

249 869 335 923 llulta
352 868 511 940 supercilio,
531 869 617 923 multa
634 868 746 939 loquare
764 869 844 924 notis.

215 953 251 1008 Et
267 954 383 1025 plaudas
401 954 519 1024 aliquam
536 955 618 1008 mimo
636 954 753 1009 saltante
770 954 900 1025 puellam,

249 1039 285 1093 Et
302 1039 398 1095 faueas
415 1039 465 1105 illi,
485 1040 608 1110 quisquis
627 1044 723 1109 agatur
741 1056 843 1095 amans.

216 1124 285 1180 (lum
302 1125 401 1195 surgit,
420 1140 523 1194 surges
547 1126 633 1179 donec
651 1126 728 1180 sedet
744 1125 801 1191 illa,
820 1125 935 1181 sedebis.

251 1210 370 1265 Arbitrio
389 1210 513 1264 dominae
532 1214 655 1280 tempora
672 1210 755 1280 perde
772 1215 843 1265 tuae.

181 1326 200 1362 ,5
214 1295 270 1351 Sed
286 1295 336 1350 tibi
355 1311 404 1349 uec
422 1295 492 1349 ferro
510 1295 618 1365 placeat
634 1299 761 1365 torquere
778 1295 903 1365 capillos,

247 1380 303 1435 Nec
320 1384 369 1435 tua
386 1381 505 1435 mordaci
522 1381 628 1450 pumice
646 1397 725 1435 crura
742 1386 824 1436 teras.

214 1466 272 1520 Ista
289 1465 352 1520 iube
369 1465 482 1531 faciant,
502 1482 616 1536 quorum
634 1465 760 1537 Cybeleia
778 1470 863 1520 mater

249 1550 407 1605 Concinitur
424 1551 546 1623 Phrygiis
565 1550 702 1605 exululata
720 1550 815 1605 modis.

214 1636 313 1689 Forma
331 1635 404 1690 uiros
423 1636 546 1703 neglecta
563 1636 649 1690 decet.
685 1636 802 1691 Minoida
820 1636 941 1691 Theseus

160 1752 202 1790 555
249 1721 368 1775 Abstulit
386 1738 403 1775 a
419 1720 494 1775 nulla
510 1726 635 1793 tempora
653 1727 776 1793 comptus
795 1736 854 1775 acu.

214 1807 392 1879 Hippolytum
400 1807 625 1863 Phaedra-nec
635 1810 693 1863 erat
701 1809 770 1863 bene
780 1807 1030 1862 cultus—amauit.

250 1892 322 1948 (lura
340 1893 407 1947 deae
425 1892 501 1947 siluis
520 1896 601 1963 aptus
620 1893 723 1948 Adonis
741 1896 807 1948 erat.

216 1977 345 2032 Munditie
363 1978 500 2047 placeant,
519 1977 660 2032 fuscentur
677 1995 791 2048 corpora
809 1993 913 2048 campo.

250 2061 292 2116 Sit
310 2063 377 2117 bene
396 2063 559 2118 conueniens
578 2069 605 2117 et
623 2063 681 2118 sine
699 2063 760 2118 labe
777 2065 850 2132 toga

162 2179 200 2215 555
215 2147 374 2218 Linguaque
393 2164 426 2202 ne
443 2149 541 2218 rigeat,
560 2150 671 2204 careant
688 2148 810 2217 rubigine
828 2148 935 2213 denas,

250 2232 305 2286 Nec
324 2248 409 2302 uagus
427 2233 454 2287 in
472 2233 534 2287 laxa
552 2249 602 2304 pes
620 2233 668 2288 tibi
686 2233 757 2303 pelle
775 2235 858 2287 natet.

214 2317 270 2372 Nec
287 2318 359 2372 male
377 2318 509 2373 deformet
525 2319 626 2388 rigidos
644 2323 757 2373 tonsura
775 2316 896 2388 capillos.

250 2402 291 2457 Sit
308 2419 397 2468 coma,
417 2403 453 2458 sit
469 2407 530 2457 tuta
546 2403 632 2459 barba
648 2406 756 2458 resecta
773 2419 862 2458 mann.

214 2488 251 2542 Et
268 2487 335 2542 nihil
353 2489 487 2543 emineant
505 2492 532 2544 et
549 2488 605 2544 sint
622 2488 681 2544 sinc
699 2488 824 2543 sordibus
843 2502 959 2558 ungues,

166 2600 202 2638 555
250 2573 335 2643 Inque
354 2588 423 2628 caua
439 2573 529 2628 nullus
548 2577 603 2629 stet
619 2573 669 2628 tibi
686 2589 751 2627 nare
769 2573 850 2644 pilus.

215 2659 271 2713 Nec
289 2657 359 2713 male
377 2659 483 2713 odorati
500 2659 536 2713 sit
553 2659 640 2714 tristis
659 2658 793 2714 anhelitus
811 2657 878 2724 oris,

249 2743 303 2799 Nec
320 2743 412 2797 laedat
429 2743 502 2798 naris
519 2743 615 2814 uirque
633 2748 765 2814 paterque
782 2743 881 2814 gregis.

216 2828 315 2883 Cetera
330 2828 451 2883 lasciuae
468 2827 571 2883 faciant
588 2829 708 2883 concede
726 2827 844 2899 puellae,

249 2913 285 2967 Et
302 2912 389 2984 siquis
406 2912 476 2968 male
494 2913 535 2967 uir
553 2914 660 2984 quaerit
676 2913 776 2968 habere
794 2913 889 2967 uirum.
