2375 3575
223 492 256 545 34
534 516 581 550 aus
599 515 737 549 saracems.

187 667 212 708 25
229 644 278 700 ‘Sit
295 645 391 699 modus
411 644 505 709 exilio',
525 643 592 697 dixit
611 643 766 700 ‘iustissime
785 645 879 699 Minos.

263 730 388 800 Accipiat
407 729 511 783 cineres
530 734 603 782 terra
620 736 736 799 paterna
753 747 836 785 meos.

225 816 261 872 Et
279 816 405 887 quoniam
425 817 451 868 in
470 816 566 885 patria,
585 815 649 870 fatis
668 817 787 884 agitatus
806 816 919 886 iniquis,

259 903 355 957 Viuere
374 918 427 954 non
448 901 530 969 potui,
551 901 586 955 da
604 901 667 954 mibi
686 917 768 970 posse
787 901 862 955 niori.

225 988 268 1042 Da
286 988 400 1042 reditum
421 1003 512 1056 puero,
532 988 605 1041 senis
625 991 667 1041 est
685 987 707 1041 si
727 987 815 1054 gratia
833 987 903 1042 uilis.

187 1091 212 1131 so
261 1073 361 1128 Sinon
382 1073 423 1126 uis
442 1089 525 1142 puero
545 1088 668 1141 parcere,
688 1089 769 1142 parce
787 1073 864 1126 seni'

226 1158 337 1212 Dixerat
354 1157 428 1211 haec.
449 1157 496 1211 sed
516 1162 543 1211 et
561 1158 629 1211 baec
647 1165 674 1212 et
692 1157 776 1211 multo
795 1159 874 1226 plura
892 1159 989 1214 licebat

260 1244 362 1298 Dicere.
383 1259 523 1311 regressus
544 1261 596 1297 non
616 1244 698 1297 dabat
716 1243 760 1297 ille
780 1243 845 1296 uiro.

226 1329 303 1396 Quod
322 1329 400 1382 simul
421 1332 450 1383 ut
469 1329 566 1393 sensit,
587 1335 667 1383 ‘nunc
687 1346 768 1394 nunc,
793 1328 967 1394 oDaedale,'
985 1325 1040 1382 dixit

260 1413 415 1477 ‘Materiam
436 1430 489 1483 qua
508 1415 547 1468 sis
566 1415 738 1484 ingeniosus,
757 1414 851 1468 habes.

188 1517 212 1555 ss
226 1498 353 1553 Possidet
371 1507 399 1552 et
417 1505 503 1553 terras
523 1506 549 1553 et
567 1501 690 1569 possidet
709 1516 828 1570 aequora
845 1500 942 1555 Minos

258 1584 313 1638 Nec
330 1583 413 1638 tellus
432 1591 541 1640 nostrae
560 1603 610 1640 nec
630 1590 705 1655 patet
722 1586 796 1639 unda
813 1586 903 1654 fugae.

223 1668 320 1724 Restat
337 1669 388 1723 iter
409 1669 483 1723 caeli.
504 1671 579 1725 eaelo
599 1671 792 1740 temptabimus
810 1669 858 1723 ire,

259 1755 301 1810 Da
319 1754 428 1809 ueniam
448 1761 553 1826 coepte,
573 1757 694 1827 Iuppiter
712 1757 778 1823 ulte,
798 1772 867 1810 meo.

228 1840 286 1894 Non
306 1856 356 1909 ego
376 1840 496 1895 sidereas
515 1842 623 1895 adfecto
642 1849 754 1912 tangere
772 1843 860 1897 sedes.

192 1943 217 1979 40
265 1926 325 1994 Qua
342 1926 444 1995 fugiam
464 1928 608 1986 dominum,
629 1930 702 1981 nutla
720 1929 770 1982 nisi
789 1933 841 1982 rsta
859 1928 940 1981 uiast.

225 2011 275 2066 Per
295 2011 381 2084 Styga
400 2012 477 2065 detur
495 2013 553 2079 iter,
574 2014 684 2083 Stygias
702 2013 904 2067 transnabimus
924 2013 1017 2067 undas.

260 2095 320 2151 Sint
337 2098 402 2151 mibi
423 2104 535 2152 naturae
554 2102 613 2152 iura
633 2099 759 2152 nouanda
777 2099 869 2152 meae’.

226 2183 238 2235 Ι
243 2184 371 2251 ngenium
391 2182 462 2237 mala
481 2200 563 2253 saepe
576 2188 695 2238 mouent.
717 2184 777 2253 quis
791 2184 912 2238 crederet
926 2197 1048 2253 umquam

264 2269 358 2324 Aerias
378 2269 515 2323 hominem
534 2286 644 2339 carpere
663 2286 746 2339 posse
765 2269 841 2323 nius?

187 2368 211 2405 as
227 2354 384 2424 Remigium
405 2355 543 2409 uolucrum
562 2355 684 2425 disponit
701 2354 727 2408 in
747 2355 839 2408 ordine
858 2354 959 2423 pinnas
1009 2409 1011 2411 .

259 2439 296 2493 Et
313 2439 373 2495 leue
394 2458 442 2509 per
460 2441 504 2494 tini
525 2441 634 2495 uincula
653 2441 737 2494 nectit
755 2457 830 2509 opus,

225 2524 337 2595 Imaque
356 2544 420 2596 pars
440 2528 508 2581 ceris
528 2526 705 2594 adstringitur
725 2527 785 2593 igne
805 2525 909 2591 solutis

261 2610 422 2681 Finitusque
441 2628 529 2665 noune
548 2613 601 2665 iam
621 2611 697 2665 labor
716 2612 782 2665 artis
801 2616 867 2664 erat.

226 2694 376 2749 Tractabat
395 2699 544 2766 ceramque
557 2713 624 2766 puer
643 2697 795 2765 pinnasque
813 2696 953 2761 renidens,

190 2794 214 2832 so
264 2780 375 2834 Nescius
394 2780 462 2834 haec
482 2782 579 2836 umeris
599 2799 674 2835 arma
692 2786 788 2850 parata
807 2782 872 2835 suis.

228 2866 276 2921 bui
295 2869 373 2935 pater
393 2866 450 2921 ‘liis’
469 2866 557 2936 inquit
576 2853 843 2936 ‘patriast'adeunda
862 2867 970 2922 earinis.

263 2952 321 3007 Hac
339 2952 417 3006 nobis
436 2952 521 3007 Minos
541 2952 711 3020 effugiendus
730 2968 789 3020 ope.
