<?xml version="1.0" encoding="UTF-8"?>
<!DOCTYPE html PUBLIC "-//W3C//DTD XHTML 1.0 Transitional//EN"
    "http://www.w3.org/TR/xhtml1/DTD/xhtml1-transitional.dtd">
<html xmlns="http://www.w3.org/1999/xhtml" xml:lang="en" lang="en">
 <head>
  <title>
</title>
<meta http-equiv="Content-Type" content="text/html;charset=utf-8" />
  <meta name='ocr-system' content='tesseract 3.04.00' />
  <meta name='ocr-capabilities' content='ocr_page ocr_carea ocr_par ocr_line ocrx_word'/>
</head>
<body>
  <div class='ocr_page' id='page_1' title='image "./povidiinasonisc00mlgoog_0035.png"; bbox 0 0 2375 3575; ppageno 0'>
   <div class='ocr_carea' id='block_1_1' title="bbox 466 464 949 523">
    <p class='ocr_par' dir='ltr' id='par_1_1' title="bbox 466 464 949 523">
     <span class='ocr_line' id='line_1_1' title="bbox 466 464 949 523; baseline -0.012 0"><span class='ocrx_word' id='word_1_1' title='bbox 466 488 513 523; x_wconf 73' lang='lat' dir='ltr'>ans</span> <span class='ocrx_word' id='word_1_2' title='bbox 527 489 666 523; x_wconf 61' lang='lat' dir='ltr'>suanorum</span> <span class='ocrx_word' id='word_1_3' title='bbox 917 464 949 517; x_wconf 76' lang='lat'>27</span> 
     </span>
    </p>
   </div>
   <div class='ocr_carea' id='block_1_2' title="bbox 133 617 1002 2993">
    <p class='ocr_par' dir='ltr' id='par_1_2' title="bbox 133 617 1002 2993">
     <span class='ocr_line' id='line_1_2' title="bbox 186 617 860 687; baseline -0.004 -13"><span class='ocrx_word' id='word_1_4' title='bbox 186 620 244 674; x_wconf 86' lang='lat' dir='ltr'>Non</span> <span class='ocrx_word' id='word_1_5' title='bbox 261 622 311 673; x_wconf 91' lang='lat' dir='ltr'>tna</span> <span class='ocrx_word' id='word_1_6' title='bbox 327 618 379 674; x_wconf 91' lang='lat' dir='ltr'>sub</span> <span class='ocrx_word' id='word_1_7' title='bbox 396 620 504 673; x_wconf 87' lang='lat' dir='ltr'>nostras</span> <span class='ocrx_word' id='word_1_8' title='bbox 521 618 614 687; x_wconf 86' lang='lat' dir='ltr'>ueniat</span> <span class='ocrx_word' id='word_1_9' title='bbox 631 617 761 672; x_wconf 80' lang='lat' dir='ltr'>facundia</span> <span class='ocrx_word' id='word_1_10' title='bbox 777 618 860 687; x_wconf 87' lang='lat' dir='ltr'>leges.</span> 
     </span>
     <span class='ocr_line' id='line_1_3' title="bbox 142 703 875 775; baseline 0.004 -22"><span class='ocrx_word' id='word_1_11' title='bbox 142 716 176 755; x_wconf 83' lang='lat' dir='ltr'>ero</span> <span class='ocrx_word' id='word_1_12' title='bbox 218 705 275 759; x_wconf 83' lang='lat' dir='ltr'>Fac</span> <span class='ocrx_word' id='word_1_13' title='bbox 292 707 398 758; x_wconf 89' lang='lat' dir='ltr'>tantum</span> <span class='ocrx_word' id='word_1_14' title='bbox 415 703 542 775; x_wconf 83' lang='lat' dir='ltr'>incipias,</span> <span class='ocrx_word' id='word_1_15' title='bbox 561 706 659 774; x_wconf 90' lang='lat' dir='ltr'>sponte</span> <span class='ocrx_word' id='word_1_16' title='bbox 678 703 795 758; x_wconf 90' lang='lat' dir='ltr'>disertus</span> <span class='ocrx_word' id='word_1_17' title='bbox 814 703 875 757; x_wconf 90' lang='lat' dir='ltr'>eris.</span> 
     </span>
     <span class='ocr_line' id='line_1_4' title="bbox 186 786 1002 859; baseline -0.004 -15"><span class='ocrx_word' id='word_1_18' title='bbox 186 790 236 845; x_wconf 86' lang='lat' dir='ltr'>Est</span> <span class='ocrx_word' id='word_1_19' title='bbox 253 786 442 859; x_wconf 71' lang='lat' dir='ltr'>tibi&#39;agendus</span> <span class='ocrx_word' id='word_1_20' title='bbox 461 805 555 843; x_wconf 88' lang='lat' dir='ltr'>amans</span> <span class='ocrx_word' id='word_1_21' title='bbox 572 789 757 859; x_wconf 85' lang='lat' dir='ltr'>imitandaque</span> <span class='ocrx_word' id='word_1_22' title='bbox 775 787 888 842; x_wconf 89' lang='lat' dir='ltr'>uulnera</span> <span class='ocrx_word' id='word_1_23' title='bbox 903 787 1002 842; x_wconf 90' lang='lat' dir='ltr'>uerbis.</span> 
     </span>
     <span class='ocr_line' id='line_1_5' title="bbox 218 874 832 945; baseline -0.005 -16"><span class='ocrx_word' id='word_1_24' title='bbox 218 875 295 929; x_wconf 85' lang='lat' dir='ltr'>Haec</span> <span class='ocrx_word' id='word_1_25' title='bbox 312 874 361 929; x_wconf 91' lang='lat' dir='ltr'>tibi</span> <span class='ocrx_word' id='word_1_26' title='bbox 380 876 525 945; x_wconf 87' lang='lat' dir='ltr'>quaeratur</span> <span class='ocrx_word' id='word_1_27' title='bbox 543 874 664 944; x_wconf 89' lang='lat' dir='ltr'>qualibet</span> <span class='ocrx_word' id='word_1_28' title='bbox 681 877 739 928; x_wconf 90' lang='lat' dir='ltr'>arte</span> <span class='ocrx_word' id='word_1_29' title='bbox 757 874 832 928; x_wconf 90' lang='lat' dir='ltr'>fides.</span> 
     </span>
     <span class='ocr_line' id='line_1_6' title="bbox 146 958 974 1029; baseline -0.002 -16"><span class='ocrx_word' id='word_1_30' title='bbox 146 1024 148 1027; x_wconf 11' lang='lat' dir='ltr'>y</span> <span class='ocrx_word' id='word_1_31' title='bbox 186 959 240 1013; x_wconf 88' lang='lat' dir='ltr'>Neo</span> <span class='ocrx_word' id='word_1_32' title='bbox 258 958 332 1014; x_wconf 89' lang='lat' dir='ltr'>credi</span> <span class='ocrx_word' id='word_1_33' title='bbox 349 959 425 1013; x_wconf 91' lang='lat' dir='ltr'>labor</span> <span class='ocrx_word' id='word_1_34' title='bbox 442 962 492 1013; x_wconf 90' lang='lat' dir='ltr'>est.</span> <span class='ocrx_word' id='word_1_35' title='bbox 512 958 563 1014; x_wconf 92' lang='lat' dir='ltr'>sibi</span> <span class='ocrx_word' id='word_1_36' title='bbox 582 975 706 1029; x_wconf 91' lang='lat' dir='ltr'>quaeque</span> <span class='ocrx_word' id='word_1_37' title='bbox 724 959 832 1013; x_wconf 89' lang='lat' dir='ltr'>uidetur</span> <span class='ocrx_word' id='word_1_38' title='bbox 850 958 974 1013; x_wconf 88' lang='lat' dir='ltr'>amanda.</span> 
     </span>
     <span class='ocr_line' id='line_1_7' title="bbox 218 1043 849 1114; baseline 0 -17"><span class='ocrx_word' id='word_1_39' title='bbox 218 1044 342 1099; x_wconf 85' lang='lat' dir='ltr'>Pessima</span> <span class='ocrx_word' id='word_1_40' title='bbox 359 1044 405 1109; x_wconf 91' lang='lat' dir='ltr'>sit,</span> <span class='ocrx_word' id='word_1_41' title='bbox 424 1044 489 1098; x_wconf 90' lang='lat' dir='ltr'>nulli</span> <span class='ocrx_word' id='word_1_42' title='bbox 507 1061 561 1098; x_wconf 93' lang='lat' dir='ltr'>non</span> <span class='ocrx_word' id='word_1_43' title='bbox 579 1060 630 1099; x_wconf 89' lang='lat' dir='ltr'>sua</span> <span class='ocrx_word' id='word_1_44' title='bbox 646 1044 734 1098; x_wconf 85' lang='lat' dir='ltr'>forma</span> <span class='ocrx_word' id='word_1_45' title='bbox 752 1043 849 1114; x_wconf 90' lang='lat' dir='ltr'>placet.</span> 
     </span>
     <span class='ocr_line' id='line_1_8' title="bbox 143 1129 850 1200; baseline 0.007 -23"><span class='ocrx_word' id='word_1_46' title='bbox 143 1139 173 1179; x_wconf 81' lang='lat' dir='ltr'>trs</span> <span class='ocrx_word' id='word_1_47' title='bbox 185 1129 274 1200; x_wconf 87' lang='lat' dir='ltr'>Saepe</span> <span class='ocrx_word' id='word_1_48' title='bbox 291 1132 383 1184; x_wconf 92' lang='lat' dir='ltr'>tamen</span> <span class='ocrx_word' id='word_1_49' title='bbox 400 1146 464 1184; x_wconf 85' lang='lat' dir='ltr'>uere</span> <span class='ocrx_word' id='word_1_50' title='bbox 482 1129 572 1199; x_wconf 87' lang='lat' dir='ltr'>coepit</span> <span class='ocrx_word' id='word_1_51' title='bbox 589 1129 729 1185; x_wconf 89' lang='lat' dir='ltr'>simulator</span> <span class='ocrx_word' id='word_1_52' title='bbox 746 1144 850 1194; x_wconf 89' lang='lat' dir='ltr'>amare,</span> 
     </span>
     <span class='ocr_line' id='line_1_9' title="bbox 218 1213 862 1286; baseline -0.005 -16"><span class='ocrx_word' id='word_1_53' title='bbox 218 1216 320 1286; x_wconf 85' lang='lat' dir='ltr'>Saepe,</span> <span class='ocrx_word' id='word_1_54' title='bbox 339 1216 411 1285; x_wconf 93' lang='lat' dir='ltr'>quod</span> <span class='ocrx_word' id='word_1_55' title='bbox 429 1216 561 1285; x_wconf 88' lang='lat' dir='ltr'>incipiens</span> <span class='ocrx_word' id='word_1_56' title='bbox 579 1215 693 1269; x_wconf 83' lang='lat' dir='ltr'>finxerat</span> <span class='ocrx_word' id='word_1_57' title='bbox 711 1229 784 1280; x_wconf 90' lang='lat' dir='ltr'>esse,</span> <span class='ocrx_word' id='word_1_58' title='bbox 803 1213 862 1267; x_wconf 87' lang='lat' dir='ltr'>fuit.</span> 
     </span>
     <span class='ocr_line' id='line_1_10' title="bbox 184 1298 917 1370; baseline -0.004 -15"><span class='ocrx_word' id='word_1_59' title='bbox 184 1302 243 1369; x_wconf 80' lang='lat' dir='ltr'>Quo</span> <span class='ocrx_word' id='word_1_60' title='bbox 261 1300 349 1369; x_wconf 90' lang='lat' dir='ltr'>magis</span> <span class='ocrx_word' id='word_1_61' title='bbox 368 1317 396 1366; x_wconf 80' lang='lat' dir='ltr'>o,</span> <span class='ocrx_word' id='word_1_62' title='bbox 415 1300 510 1355; x_wconf 81' lang='lat' dir='ltr'>faciles</span> <span class='ocrx_word' id='word_1_63' title='bbox 527 1300 695 1355; x_wconf 84' lang='lat' dir='ltr'>imitantibus</span> <span class='ocrx_word' id='word_1_64' title='bbox 714 1304 784 1365; x_wconf 87' lang='lat' dir='ltr'>este,</span> <span class='ocrx_word' id='word_1_65' title='bbox 802 1298 917 1370; x_wconf 90' lang='lat' dir='ltr'>puellae.</span> 
     </span>
     <span class='ocr_line' id='line_1_11' title="bbox 217 1383 836 1455; baseline -0.005 -15"><span class='ocrx_word' id='word_1_66' title='bbox 217 1386 278 1440; x_wconf 83' lang='lat' dir='ltr'>Fiet</span> <span class='ocrx_word' id='word_1_67' title='bbox 296 1402 371 1440; x_wconf 90' lang='lat' dir='ltr'>amor</span> <span class='ocrx_word' id='word_1_68' title='bbox 388 1401 481 1451; x_wconf 82' lang='lat' dir='ltr'>uerus,</span> <span class='ocrx_word' id='word_1_69' title='bbox 501 1386 547 1455; x_wconf 90' lang='lat' dir='ltr'>qui</span> <span class='ocrx_word' id='word_1_70' title='bbox 566 1385 647 1440; x_wconf 91' lang='lat' dir='ltr'>modo</span> <span class='ocrx_word' id='word_1_71' title='bbox 665 1383 752 1440; x_wconf 85' lang='lat' dir='ltr'>falsus</span> <span class='ocrx_word' id='word_1_72' title='bbox 771 1388 836 1438; x_wconf 90' lang='lat' dir='ltr'>erat.</span> 
     </span>
     <span class='ocr_line' id='line_1_12' title="bbox 183 1469 911 1541; baseline -0.004 -15"><span class='ocrx_word' id='word_1_73' title='bbox 183 1470 325 1526; x_wconf 87' lang='lat' dir='ltr'>Blanditiis</span> <span class='ocrx_word' id='word_1_74' title='bbox 344 1471 462 1525; x_wconf 89' lang='lat' dir='ltr'>animum</span> <span class='ocrx_word' id='word_1_75' title='bbox 478 1469 569 1524; x_wconf 87' lang='lat' dir='ltr'>furtim</span> <span class='ocrx_word' id='word_1_76' title='bbox 589 1470 756 1541; x_wconf 89' lang='lat' dir='ltr'>deprendere</span> <span class='ocrx_word' id='word_1_77' title='bbox 774 1485 846 1524; x_wconf 88' lang='lat' dir='ltr'>nunc</span> <span class='ocrx_word' id='word_1_78' title='bbox 863 1469 911 1537; x_wconf 82' lang='lat' dir='ltr'>sit,</span> 
     </span>
     <span class='ocr_line' id='line_1_13' title="bbox 140 1556 814 1627; baseline 0.006 -22"><span class='ocrx_word' id='word_1_79' title='bbox 140 1565 174 1605; x_wconf 81' lang='lat' dir='ltr'>cao</span> <span class='ocrx_word' id='word_1_80' title='bbox 220 1557 256 1610; x_wconf 90' lang='lat' dir='ltr'>Vt</span> <span class='ocrx_word' id='word_1_81' title='bbox 273 1557 395 1627; x_wconf 86' lang='lat' dir='ltr'>pendens</span> <span class='ocrx_word' id='word_1_82' title='bbox 413 1556 517 1626; x_wconf 89' lang='lat' dir='ltr'>liquida</span> <span class='ocrx_word' id='word_1_83' title='bbox 533 1556 593 1626; x_wconf 92' lang='lat' dir='ltr'>ripa</span> <span class='ocrx_word' id='word_1_84' title='bbox 611 1556 716 1610; x_wconf 87' lang='lat' dir='ltr'>subitur</span> <span class='ocrx_word' id='word_1_85' title='bbox 734 1570 814 1625; x_wconf 90' lang='lat' dir='ltr'>aqua.</span> 
     </span>
     <span class='ocr_line' id='line_1_14' title="bbox 183 1640 838 1711; baseline 0 -16"><span class='ocrx_word' id='word_1_86' title='bbox 183 1643 239 1697; x_wconf 83' lang='lat' dir='ltr'>Nee</span> <span class='ocrx_word' id='word_1_87' title='bbox 256 1642 354 1696; x_wconf 80' lang='lat' dir='ltr'>faciem</span> <span class='ocrx_word' id='word_1_88' title='bbox 372 1657 422 1695; x_wconf 92' lang='lat' dir='ltr'>nec</span> <span class='ocrx_word' id='word_1_89' title='bbox 440 1644 467 1695; x_wconf 90' lang='lat' dir='ltr'>te</span> <span class='ocrx_word' id='word_1_90' title='bbox 484 1641 577 1710; x_wconf 87' lang='lat' dir='ltr'>pigeat</span> <span class='ocrx_word' id='word_1_91' title='bbox 595 1642 706 1695; x_wconf 88' lang='lat' dir='ltr'>laudare</span> <span class='ocrx_word' id='word_1_92' title='bbox 725 1640 838 1711; x_wconf 86' lang='lat' dir='ltr'>capillos</span> 
     </span>
     <span class='ocr_line' id='line_1_15' title="bbox 217 1726 810 1798; baseline -0.003 -17"><span class='ocrx_word' id='word_1_93' title='bbox 217 1727 253 1781; x_wconf 85' lang='lat' dir='ltr'>Et</span> <span class='ocrx_word' id='word_1_94' title='bbox 269 1730 370 1781; x_wconf 90' lang='lat' dir='ltr'>teretes</span> <span class='ocrx_word' id='word_1_95' title='bbox 389 1726 488 1795; x_wconf 82' lang='lat' dir='ltr'>digitos</span> <span class='ocrx_word' id='word_1_96' title='bbox 506 1727 688 1798; x_wconf 83' lang='lat' dir='ltr'>exiguumque</span> <span class='ocrx_word' id='word_1_97' title='bbox 705 1727 810 1798; x_wconf 86' lang='lat' dir='ltr'>pedem.</span> 
     </span>
     <span class='ocr_line' id='line_1_16' title="bbox 184 1813 831 1883; baseline -0.002 -16"><span class='ocrx_word' id='word_1_98' title='bbox 184 1813 329 1867; x_wconf 88' lang='lat' dir='ltr'>Delectant</span> <span class='ocrx_word' id='word_1_99' title='bbox 346 1813 428 1866; x_wconf 89' lang='lat' dir='ltr'>etiam</span> <span class='ocrx_word' id='word_1_100' title='bbox 447 1817 537 1868; x_wconf 89' lang='lat' dir='ltr'>castas</span> <span class='ocrx_word' id='word_1_101' title='bbox 556 1813 703 1883; x_wconf 90' lang='lat' dir='ltr'>praeconia</span> <span class='ocrx_word' id='word_1_102' title='bbox 720 1813 831 1868; x_wconf 81' lang='lat' dir='ltr'>formae.</span> 
     </span>
     <span class='ocr_line' id='line_1_17' title="bbox 220 1897 830 1968; baseline -0.002 -16"><span class='ocrx_word' id='word_1_103' title='bbox 220 1897 372 1968; x_wconf 87' lang='lat' dir='ltr'>Virginibus</span> <span class='ocrx_word' id='word_1_104' title='bbox 392 1914 471 1952; x_wconf 87' lang='lat' dir='ltr'>curae</span> <span class='ocrx_word' id='word_1_105' title='bbox 490 1903 622 1968; x_wconf 89' lang='lat' dir='ltr'>grataque</span> <span class='ocrx_word' id='word_1_106' title='bbox 640 1897 728 1953; x_wconf 90' lang='lat' dir='ltr'>forma</span> <span class='ocrx_word' id='word_1_107' title='bbox 745 1900 830 1953; x_wconf 89' lang='lat' dir='ltr'>suast.</span> 
     </span>
     <span class='ocr_line' id='line_1_18' title="bbox 135 1982 922 2055; baseline 0.006 -23"><span class='ocrx_word' id='word_1_108' title='bbox 135 1992 171 2032; x_wconf 75' lang='lat' dir='ltr'>ets</span> <span class='ocrx_word' id='word_1_109' title='bbox 185 1983 253 2037; x_wconf 90' lang='lat' dir='ltr'>Nam</span> <span class='ocrx_word' id='word_1_110' title='bbox 270 2000 318 2038; x_wconf 87' lang='lat' dir='ltr'>eur</span> <span class='ocrx_word' id='word_1_111' title='bbox 335 1982 363 2036; x_wconf 95' lang='lat' dir='ltr'>in</span> <span class='ocrx_word' id='word_1_112' title='bbox 380 1983 504 2055; x_wconf 86' lang='lat' dir='ltr'>Phrygiis</span> <span class='ocrx_word' id='word_1_113' title='bbox 522 1984 653 2038; x_wconf 89' lang='lat' dir='ltr'>Iunonem</span> <span class='ocrx_word' id='word_1_114' title='bbox 672 1988 699 2037; x_wconf 91' lang='lat' dir='ltr'>et</span> <span class='ocrx_word' id='word_1_115' title='bbox 716 1982 829 2038; x_wconf 90' lang='lat' dir='ltr'>Pallada</span> <span class='ocrx_word' id='word_1_116' title='bbox 846 1982 922 2037; x_wconf 91' lang='lat' dir='ltr'>siluis</span> 
     </span>
     <span class='ocr_line' id='line_1_19' title="bbox 217 2067 900 2138; baseline -0.001 -17"><span class='ocrx_word' id='word_1_117' title='bbox 217 2067 294 2122; x_wconf 86' lang='lat' dir='ltr'>Nunc</span> <span class='ocrx_word' id='word_1_118' title='bbox 312 2083 420 2138; x_wconf 90' lang='lat' dir='ltr'>quoque</span> <span class='ocrx_word' id='word_1_119' title='bbox 438 2068 566 2123; x_wconf 91' lang='lat' dir='ltr'>iudicium</span> <span class='ocrx_word' id='word_1_120' title='bbox 584 2085 639 2123; x_wconf 91' lang='lat' dir='ltr'>non</span> <span class='ocrx_word' id='word_1_121' title='bbox 656 2069 778 2124; x_wconf 89' lang='lat' dir='ltr'>tenuisse</span> <span class='ocrx_word' id='word_1_122' title='bbox 796 2068 900 2137; x_wconf 80' lang='lat' dir='ltr'>pudet?</span> 
     </span>
     <span class='ocr_line' id='line_1_20' title="bbox 183 2153 818 2225; baseline 0 -17"><span class='ocrx_word' id='word_1_123' title='bbox 183 2153 348 2208; x_wconf 75' lang='lat' dir='ltr'>Laudandus</span> <span class='ocrx_word' id='word_1_124' title='bbox 366 2154 485 2208; x_wconf 89' lang='lat' dir='ltr'>ostendit</span> <span class='ocrx_word' id='word_1_125' title='bbox 503 2155 562 2208; x_wconf 88' lang='lat' dir='ltr'>auis</span> <span class='ocrx_word' id='word_1_126' title='bbox 579 2155 694 2208; x_wconf 89' lang='lat' dir='ltr'>lunonia</span> <span class='ocrx_word' id='word_1_127' title='bbox 711 2154 818 2225; x_wconf 85' lang='lat' dir='ltr'>pinnas.</span> 
     </span>
     <span class='ocr_line' id='line_1_21' title="bbox 217 2237 804 2310; baseline 0.003 -18"><span class='ocrx_word' id='word_1_128' title='bbox 217 2237 247 2292; x_wconf 88' lang='lat' dir='ltr'>Si</span> <span class='ocrx_word' id='word_1_129' title='bbox 264 2239 365 2292; x_wconf 90' lang='lat' dir='ltr'>tacitus</span> <span class='ocrx_word' id='word_1_130' title='bbox 383 2243 504 2308; x_wconf 85' lang='lat' dir='ltr'>spectes,</span> <span class='ocrx_word' id='word_1_131' title='bbox 523 2239 570 2293; x_wconf 88' lang='lat' dir='ltr'>illa</span> <span class='ocrx_word' id='word_1_132' title='bbox 587 2239 711 2294; x_wconf 89' lang='lat' dir='ltr'>recondit</span> <span class='ocrx_word' id='word_1_133' title='bbox 729 2256 804 2310; x_wconf 90' lang='lat' dir='ltr'>opes.</span> 
     </span>
     <span class='ocr_line' id='line_1_22' title="bbox 182 2323 849 2394; baseline 0.007 -17"><span class='ocrx_word' id='word_1_134' title='bbox 182 2323 379 2393; x_wconf 85' lang='lat' dir='ltr'>Quadrupedes</span> <span class='ocrx_word' id='word_1_135' title='bbox 397 2324 466 2378; x_wconf 90' lang='lat' dir='ltr'>inter</span> <span class='ocrx_word' id='word_1_136' title='bbox 483 2324 571 2394; x_wconf 88' lang='lat' dir='ltr'>rapidi</span> <span class='ocrx_word' id='word_1_137' title='bbox 589 2325 738 2380; x_wconf 88' lang='lat' dir='ltr'>certamina</span> <span class='ocrx_word' id='word_1_138' title='bbox 755 2342 849 2382; x_wconf 90' lang='lat' dir='ltr'>cursus</span> 
     </span>
     <span class='ocr_line' id='line_1_23' title="bbox 133 2409 871 2480; baseline 0.007 -19"><span class='ocrx_word' id='word_1_139' title='bbox 133 2419 168 2459; x_wconf 76' lang='lat' dir='ltr'>stu</span> <span class='ocrx_word' id='word_1_140' title='bbox 215 2409 398 2478; x_wconf 82' lang='lat' dir='ltr'>Depexaeque</span> <span class='ocrx_word' id='word_1_141' title='bbox 416 2409 495 2463; x_wconf 88' lang='lat' dir='ltr'>iubae</span> <span class='ocrx_word' id='word_1_142' title='bbox 514 2409 665 2480; x_wconf 87' lang='lat' dir='ltr'>plausaque</span> <span class='ocrx_word' id='word_1_143' title='bbox 683 2410 753 2465; x_wconf 91' lang='lat' dir='ltr'>colla</span> <span class='ocrx_word' id='word_1_144' title='bbox 770 2411 871 2466; x_wconf 89' lang='lat' dir='ltr'>iuuant.</span> 
     </span>
     <span class='ocr_line' id='line_1_24' title="bbox 180 2493 912 2566; baseline 0.005 -19"><span class='ocrx_word' id='word_1_145' title='bbox 180 2493 236 2548; x_wconf 88' lang='lat' dir='ltr'>Nee</span> <span class='ocrx_word' id='word_1_146' title='bbox 253 2493 348 2548; x_wconf 89' lang='lat' dir='ltr'>timide</span> <span class='ocrx_word' id='word_1_147' title='bbox 366 2494 501 2564; x_wconf 90' lang='lat' dir='ltr'>promitte.</span> <span class='ocrx_word' id='word_1_148' title='bbox 518 2495 630 2549; x_wconf 87' lang='lat' dir='ltr'>trahunt</span> <span class='ocrx_word' id='word_1_149' title='bbox 647 2496 782 2564; x_wconf 88' lang='lat' dir='ltr'>promissa</span> <span class='ocrx_word' id='word_1_150' title='bbox 799 2496 912 2566; x_wconf 81' lang='lat' dir='ltr'>puellas,</span> 
     </span>
     <span class='ocr_line' id='line_1_25' title="bbox 216 2578 778 2649; baseline 0.005 -17"><span class='ocrx_word' id='word_1_151' title='bbox 216 2578 339 2633; x_wconf 92' lang='lat' dir='ltr'>Pollicito</span> <span class='ocrx_word' id='word_1_152' title='bbox 356 2583 443 2633; x_wconf 87' lang='lat' dir='ltr'>testes</span> <span class='ocrx_word' id='word_1_153' title='bbox 462 2580 598 2649; x_wconf 90' lang='lat' dir='ltr'>quoslibet</span> <span class='ocrx_word' id='word_1_154' title='bbox 616 2581 686 2635; x_wconf 91' lang='lat' dir='ltr'>adde</span> <span class='ocrx_word' id='word_1_155' title='bbox 705 2581 778 2635; x_wconf 91' lang='lat' dir='ltr'>deos.</span> 
     </span>
     <span class='ocr_line' id='line_1_26' title="bbox 182 2663 809 2735; baseline 0.003 -18"><span class='ocrx_word' id='word_1_156' title='bbox 182 2664 305 2734; x_wconf 91' lang='lat' dir='ltr'>luppiter</span> <span class='ocrx_word' id='word_1_157' title='bbox 323 2679 356 2718; x_wconf 81' lang='lat' dir='ltr'>ex</span> <span class='ocrx_word' id='word_1_158' title='bbox 374 2663 431 2719; x_wconf 93' lang='lat' dir='ltr'>alto</span> <span class='ocrx_word' id='word_1_159' title='bbox 450 2665 567 2735; x_wconf 87' lang='lat' dir='ltr'>periuria</span> <span class='ocrx_word' id='word_1_160' title='bbox 584 2665 656 2720; x_wconf 92' lang='lat' dir='ltr'>ridet</span> <span class='ocrx_word' id='word_1_161' title='bbox 673 2670 809 2720; x_wconf 90' lang='lat' dir='ltr'>amantum</span> 
     </span>
     <span class='ocr_line' id='line_1_27' title="bbox 215 2748 763 2806; baseline 0.002 -3"><span class='ocrx_word' id='word_1_162' title='bbox 215 2749 252 2804; x_wconf 87' lang='lat' dir='ltr'>Et</span> <span class='ocrx_word' id='word_1_163' title='bbox 269 2748 343 2803; x_wconf 88' lang='lat' dir='ltr'>iubet</span> <span class='ocrx_word' id='word_1_164' title='bbox 360 2750 470 2805; x_wconf 86' lang='lat' dir='ltr'>Aeolios</span> <span class='ocrx_word' id='word_1_165' title='bbox 488 2750 569 2804; x_wconf 86' lang='lat' dir='ltr'>inrita</span> <span class='ocrx_word' id='word_1_166' title='bbox 585 2750 656 2805; x_wconf 87' lang='lat' dir='ltr'>ferre</span> <span class='ocrx_word' id='word_1_167' title='bbox 674 2754 763 2806; x_wconf 90' lang='lat' dir='ltr'>notos.</span> 
     </span>
     <span class='ocr_line' id='line_1_28' title="bbox 136 2834 799 2905; baseline 0.006 -20"><span class='ocrx_word' id='word_1_168' title='bbox 136 2846 170 2885; x_wconf 77' lang='lat' dir='ltr'>aas</span> <span class='ocrx_word' id='word_1_169' title='bbox 183 2834 235 2889; x_wconf 87' lang='lat' dir='ltr'>Per</span> <span class='ocrx_word' id='word_1_170' title='bbox 253 2834 340 2905; x_wconf 85' lang='lat' dir='ltr'>Styga</span> <span class='ocrx_word' id='word_1_171' title='bbox 356 2834 452 2889; x_wconf 90' lang='lat' dir='ltr'>lunoni</span> <span class='ocrx_word' id='word_1_172' title='bbox 469 2834 567 2889; x_wconf 87' lang='lat' dir='ltr'>falsum</span> <span class='ocrx_word' id='word_1_173' title='bbox 586 2835 674 2889; x_wconf 91' lang='lat' dir='ltr'>iurare</span> <span class='ocrx_word' id='word_1_174' title='bbox 693 2834 799 2891; x_wconf 87' lang='lat' dir='ltr'>solebat</span> 
     </span>
     <span class='ocr_line' id='line_1_29' title="bbox 215 2918 827 2993; baseline 0.007 -20"><span class='ocrx_word' id='word_1_175' title='bbox 215 2918 345 2990; x_wconf 88' lang='lat' dir='ltr'>luppiter.</span> <span class='ocrx_word' id='word_1_176' title='bbox 364 2920 487 2990; x_wconf 79' lang='lat' dir='ltr'>exemplo</span> <span class='ocrx_word' id='word_1_177' title='bbox 507 2937 578 2974; x_wconf 87' lang='lat' dir='ltr'>nunc</span> <span class='ocrx_word' id='word_1_178' title='bbox 594 2920 672 2976; x_wconf 86' lang='lat' dir='ltr'>fauet</span> <span class='ocrx_word' id='word_1_179' title='bbox 689 2921 748 2993; x_wconf 90' lang='lat' dir='ltr'>ipse</span> <span class='ocrx_word' id='word_1_180' title='bbox 768 2937 827 2977; x_wconf 82' lang='lat' dir='ltr'>suo.</span> 
     </span>
    </p>
   </div>
   <div class='ocr_carea' id='block_1_3' title="bbox 0 0 1192 3575">
    <p class='ocr_par' dir='ltr' id='par_1_3' title="bbox 0 0 1192 3575">
     <span class='ocr_line' id='line_1_30' title="bbox 0 0 1192 3575; baseline 0 3"><span class='ocrx_word' id='word_1_181' title='bbox 0 0 1192 3575; x_wconf 95' lang='lat' dir='ltr'> </span> 
     </span>
    </p>
   </div>
  </div>
 </body>
</html>
