2375 3575
243 432 277 483 40
524 454 570 487 nne
583 453 724 487 3131333111.

243 582 302 637 1133
320 585 348 637 13
365 581 513 638 Maenalias
531 586 665 637 armatum
683 582 814 637 scandere
832 582 917 638 siluae

276 667 332 722 Nec
348 667 429 722 iubeo
447 667 516 722 collo
534 668 603 722 retia
620 668 689 722 ferre
707 672 763 721 tuo.

192 764 230 805 ree
242 752 357 808 Pectora
374 769 425 807 nec
443 753 533 808 missis
551 753 632 807 iubeo
649 754 779 822 praebere
797 752 913 820 sagittis.

276 840 349 893 Artis
368 842 447 893 erunt
463 845 543 892 cauto
562 837 653 892 mollia
670 839 746 893 iussa
764 853 848 892 meae.

242 924 314 979 (ledo
332 925 502 994 repugnanti.
521 923 643 977 cedendo
660 925 748 977 uictor
766 923 860 978 abibis.

274 1009 331 1064 Fac
348 1009 441 1074 modo,
461 1024 529 1078 quas
547 1009 634 1079 partis
652 1008 698 1063 illa
716 1008 829 1073 iubebit,
848 1024 924 1077 agas.

241 1096 357 1163 Arguet,
378 1095 492 1164 arguite.
512 1094 642 1165 quicquid
660 1093 833 1163 prolatilis,
851 1094 973 1162 probato.

191 1189 229 1231 333
277 1179 356 1248 Quod
374 1179 458 1245 dicet,
477 1180 560 1235 dicas.
580 1180 654 1249 quod
672 1184 754 1249 negat
770 1178 828 1243 illa,
848 1195 940 1249 neges.

240 1265 352 1329 Riserit,
372 1264 473 1318 adride.
494 1267 517 1321 si
534 1266 622 1331 flebit,
641 1265 706 1319 flere
724 1269 866 1319 memento.

274 1349 400 1418 Imponat
416 1349 491 1419 leges
510 1351 632 1406 uultibus
650 1349 696 1404 illa
713 1350 775 1404 tuis.

241 1435 295 1491 Seu
312 1434 389 1489 ludet
406 1451 587 1506 numerosque
606 1453 687 1489 manu
705 1435 817 1490 iactabit
835 1436 965 1502 eburnos,

275 1519 316 1574 Tu
334 1519 405 1574 male
423 1521 536 1587 iactato,
556 1528 585 1575 tn
604 1520 674 1575 male
692 1521 764 1574 iacta
781 1519 858 1585 dato,

190 1614 227 1656 331
241 1606 295 1661 Seu
312 1600 395 1660 iacies
413 1606 496 1671 talos,
515 1607 616 1660 uictam
634 1622 668 1660 ne
686 1621 775 1674 33333
793 1610 937 1675 sequatur,

273 1690 405 1745 Damnosi
424 1690 506 1745 facito
525 1695 599 1745 stent
616 1690 665 1745 tibi
684 1706 879 1760 3333333333,

240 1774 304 1830 Siue
321 1774 456 1831 latrocinii
475 1777 525 1832 sub
543 1776 662 1845 imagine
681 1775 800 1831 calculus
818 1775 880 1842 ibit,

273 1861 328 1916 Fac
346 1865 440 1931 pereat
458 1863 544 1917 uitreo
562 1861 640 1917 miles
659 1863 693 1917 ab
710 1862 789 1917 hoste
807 1867 878 1916 tuus.

239 1947 302 2016 1333
319 1951 383 2002 1333
401 1947 520 2003 (11313313
539 1948 596 2002 3313
616 1948 773 2003 umbracula
789 1948 887 2016 uirgis,

189 2039 227 2082 313
274 2033 337 2103 1333
355 2032 445 2087 facin
463 2034 554 2099 turba,
574 2050 629 2104 qua
646 2034 722 2088 uenit
739 2033 798 2099 illa,
816 2033 914 2087 locum.

238 2117 293 2173 Nec
311 2118 405 2174 dubita
421 2119 501 2174 tereti
519 2135 659 2173 scamnum
676 2118 825 2187 producere
842 2117 914 2172 lecto

272 2202 308 2258 ut
325 2209 419 2258 tenero
438 2204 540 2259 soleam
559 2204 637 2259 deme
655 2203 700 2257 uel
718 2203 788 2258 adde
806 2202 876 2272 pedi.

239 2287 327 2358 Saepe
346 2290 428 2344 etiam
446 2290 583 2355 dominae,
603 2288 728 2359 quamuis
746 2288 867 2343 horrebis
886 2288 1003 2357 etipse,

271 2374 382 2443 Algenti
401 2392 496 2430 manus
515 2382 558 2430 est
576 2374 744 2428 calfacienda
763 2374 831 2429 sinu.

186 2466 224 2507 311
237 2458 292 2514 1133
309 2460 358 2515 1131
370 2464 450 2530 turpe
461 2465 540 2531 puta,
561 2460 686 2530 quamuis
700 2460 736 2514 sit
747 2464 826 2529 turpe
838 2490 870 2499 -
888 2459 1007 2529 placebit
1016 2490 1044 2499 -

272 2543 394 2614 Ingenua
412 2546 550 2616 speculum
570 2545 734 2600 sustinuisse
752 2562 842 2599 mann.

237 2628 298 2695 1113,
318 2629 450 2700 fatigatae
467 2631 626 2701 perimendo
644 2636 766 2685 monstra
783 2646 916 2685 nouercae

272 2714 323 2782 Qui
341 2716 439 2770 meruit
457 2716 575 2782 caelum,
594 2715 667 2786 quod
685 2718 758 2785 prior
776 2716 836 2786 ipse
852 2716 926 2781 tulit,

237 2797 311 2854 lnter
328 2800 453 2855 Ioniacas
472 2799 607 2855 calathum
626 2801 747 2855 tenuisse
765 2801 870 2869 puellas

185 2890 225 2933 333
272 2884 397 2939 Creditur
414 2889 442 2939 et
458 2885 536 2940 lanas
555 2884 706 2940 excoluisse
724 2886 813 2941 rudes.
