2375 3575
533 490 643 523 nuouxs.
924 467 972 520 159

236 619 388 685 Psittacus,
407 623 526 673 extremo
544 634 643 673 munus
661 619 695 673 ab
714 620 779 674 orbe
797 619 898 673 datum.

203 704 316 775 Optima
331 704 420 773 prima
437 704 494 757 sere
511 703 604 758 Parcis
622 703 765 773 rapiuntur
783 704 882 759 auaris.

159 803 188 840 co
236 789 386 859 Implentur
404 788 522 843 numeris
541 788 677 843 deteriora
694 788 760 843 suis.

201 874 305 929 Tristia
321 873 486 946 Phylacidae
504 873 645 928 Thersites
662 875 758 928 funera
776 873 856 939 uidit,

236 960 349 1029 lamque
367 960 435 1014 cinis
452 959 525 1013 uiuis
543 959 673 1014 iratribus
690 959 792 1013 Hector
810 963 876 1013 erat.

203 1044 275 1112 Quid
292 1044 407 1099 referam
424 1044 537 1099 timidae
555 1060 604 1113 pro
623 1048 650 1097 te
668 1044 714 1113 pia
732 1049 797 1098 uota
814 1043 934 1113 puellae,

237 1130 309 1184 Vota
325 1129 478 1199 procelloso
496 1146 545 1199 per
564 1145 637 1183 mare
655 1133 736 1198 rapta
753 1130 836 1183 noto?

165 1226 190 1264 45
203 1215 327 1285 Septima
343 1214 390 1268 lux
407 1214 514 1280 aderat,
533 1231 588 1269 non
607 1213 759 1268 exhibitura
776 1218 948 1284 sequentem,

237 1300 273 1354 Et
292 1301 384 1355 stabat
401 1315 489 1354 uacuo
507 1299 562 1353 iarn
579 1298 629 1353 tibi
647 1298 733 1353 Parca
751 1298 819 1353 colo.

202 1386 258 1440 Nec
276 1389 368 1439 tamen
385 1386 486 1453 ignauo
505 1388 668 1453 stupuerunt
685 1384 770 1438 uerba
786 1384 887 1453 palato.

238 1470 374 1524 Clamauit
390 1469 509 1524 moriens
526 1469 620 1537 lingua
639 1468 778 1534 ‘Oorinna‚
797 1468 880 1523 ualei’

203 1555 279 1611 Colle
297 1555 349 1610 sub
365 1555 459 1626 Elysio
476 1554 556 1623 nigra
574 1571 669 1609 nemus
686 1554 748 1608 ilice
766 1554 887 1619 frondet,

169 1650 190 1688 δυ
237 1641 351 1710 Vdaque
369 1644 502 1710 perpetuo
520 1639 642 1708 gramine
660 1644 733 1693 terra
750 1639 826 1693 uiret.

203 1727 291 1797 Siqua
307 1726 375 1780 fides
395 1726 495 1792 dubiis,
514 1725 656 1779 uolucrum
673 1724 749 1779 locus
766 1723 812 1778 ille
829 1724 935 1794 piarum

237 1813 356 1878 Dicitur,
374 1812 510 1867 obscenae
528 1827 582 1881 quo
601 1810 778 1880 prohibentur
796 1826 871 1865 aues.

203 1899 261 1952 illic
279 1897 388 1952 innocui
406 1897 460 1951 late
478 1900 628 1967 pascuntur
646 1895 735 1950 olores

238 1983 275 2038 Et
292 1983 375 2036 uiuax
391 1981 511 2051 phoenix
528 1981 611 2035 unica
628 1996 735 2049 semper
753 1980 820 2035 auis.

167 2077 189 2114 ³5
202 2068 330 2138 Explicat
347 2067 409 2137 ipsa
426 2083 491 2122 suas
509 2066 567 2121 ales
585 2065 701 2120 Iunonia
718 2066 828 2134 pinnas,

239 2153 342 2209 Oscula
359 2153 408 2207 dat
425 2152 524 2221 cupido
542 2151 644 2206 blanda
662 2150 786 2205 columba
805 2150 878 2204 mari.

203 2241 342 2294 Psittacus
360 2234 411 2292 has
428 2238 498 2291 inter
515 2236 646 2291 nemorali
665 2236 729 2291 sede
747 2240 873 2305 receptus

238 2323 381 2381 Conuertit
397 2322 523 2377 uolucres
541 2323 568 2376 in
587 2338 639 2376 sua
655 2322 740 2376 uerba
757 2321 825 2390 pias.

203 2412 277 2465 Ossa
294 2408 363 2477 tegit
380 2407 512 2472 tumulus,
531 2406 651 2461 tumulus
669 2421 720 2476 pro
738 2422 851 2475 corpore
869 2421 998 2475 magnus,

165 2504 190 2540 ω
238 2495 300 2562 Quo
318 2493 388 2563 lapis
406 2493 519 2561 exiguus
537 2509 588 2561 par
605 2491 658 2546 sibi
676 2507 785 2545 carmen
802 2490 885 2545 habet

204 2579 333 2649 ‘Colligor
350 2595 384 2632 ex
401 2578 462 2648 ipso
480 2577 606 2631 dominae
624 2576 761 2646 placuisse
779 2575 931 2645 sepulchro.

239 2664 296 2719 Ora
312 2663 388 2717 fuere
406 2661 472 2717 mihi
489 2662 552 2732 plus
570 2678 624 2716 aue
641 2661 723 2716 docta
739 2660 831 2732 loqui!
