2375 3575
530 491 639 525 errones.
923 462 969 515 179

157 638 181 676 ro
232 623 377 690 Quaerere,
397 620 463 691 quid
481 620 580 675 latrent
598 625 680 674 nocte
699 619 796 674 silente
814 636 909 683 canes,

197 710 274 776 Quas
291 706 362 760 ierat
379 712 407 761 et
424 704 524 759 referat
541 705 637 761 sollers
656 705 755 759 ancilla
772 704 900 767 tabellas,

233 793 288 847 Gur
305 791 405 845 totiens
424 806 511 845 uacuo
529 792 642 846 secubet
659 792 720 861 ipsa
737 795 806 845 toro.

197 877 323 932 Mordeat
341 876 396 932 ista
412 879 476 931 tuas
494 875 642 946 aliquando
660 893 726 931 cura
743 876 883 936 medullas,

233 963 331 1032 Daque
348 960 438 1015 locum
456 961 557 1016 nostris
575 961 771 1031 materiamque
790 962 868 1017 dolis.

158 1062 183 1097 ⁴⁵
200 1047 249 1101 llle
266 1051 360 1117 potest
377 1062 466 1100 uacuo
482 1046 566 1100 iurari
584 1045 665 1101 litore
683 1063 792 1112 arenas,

234 1132 351 1186 onrem
369 1130 445 1186 stulti
463 1131 550 1201 siquis
568 1148 659 1185 amare
679 1137 778 1200 potest.

203 1219 314 1287 lamque
333 1232 384 1285 ego
401 1232 579 1285 praemoneo,
599 1217 651 1271 nisi
669 1220 699 1270 tu
719 1234 828 1272 seruare
846 1217 964 1288 puellam

236 1302 345 1371 Incipis,
365 1301 475 1370 incipiet
493 1301 617 1355 desinere
637 1318 697 1356 esse
717 1317 785 1357 mea.

203 1387 288 1442 Multa
306 1387 406 1456 diuque
424 1385 481 1440 tuli.
500 1388 609 1455 speraui
627 1403 712 1457 saepe
730 1389 858 1453 futurum,

160 1486 186 1522 rc
237 1473 305 1527 Gum
324 1471 392 1526 bene
410 1487 565 1537 seruasses,
583 1476 615 1525 ut
632 1472 701 1527 bene
718 1473 803 1527 uerba
820 1473 922 1527 darom.

204 1558 307 1612 Lentus
326 1572 356 1610 es
374 1562 402 1611 et
419 1556 522 1626 pateris
540 1556 607 1610 nulli
626 1557 757 1626 patienda
775 1558 879 1611 marito.

236 1643 274 1696 nt
292 1641 357 1695 mihi
376 1656 509 1696 concessa
526 1642 587 1696 linis
607 1643 708 1696 amoris
727 1643 785 1697 erit.

202 1726 314 1783 Scilicet
331 1726 423 1780 infelix
442 1742 590 1797 numquam
608 1726 773 1797 prohibebor
791 1729 882 1782 adire?

238 1812 296 1866 Nox
315 1812 378 1865 mihi
397 1813 449 1866 sub
467 1812 540 1866 nullo
559 1813 667 1867 uindice
685 1829 793 1883 semper
811 1816 878 1869 erit?

161 1911 187 1946 m
202 1897 244 1951 Nil
262 1898 401 1950 metuam?
419 1913 468 1966 per
487 1897 561 1951 nulla
578 1897 685 1951 traham
704 1899 822 1968 suspiria
840 1902 969 1954 somnos?

237 1981 279 2035 Nil
296 1981 388 2045 iacies,
407 1988 500 2036 curte
518 1983 576 2036 iure
593 1983 699 2051 perisse
717 1983 815 2037 uelim?

202 2067 273 2135 Quid
292 2066 356 2121 mihi
376 2081 436 2120 cum
454 2066 535 2132 facili,
555 2067 622 2136 quid
639 2083 701 2121 cum
718 2068 815 2122 lenone
835 2070 949 2123 marito?

238 2151 393 2221 Corrumpit
411 2152 477 2205 uitio
495 2151 597 2221 gaudia
615 2157 710 2206 nostra
727 2170 785 2207 suo.
852 2216 858 2224 ,

203 2238 274 2305 Quin
293 2235 383 2300 alium,
402 2251 482 2307 quem
502 2242 580 2290 tanta
597 2237 674 2291 iuuet
692 2238 833 2306 patientia,
854 2239 980 2308 quaeris?

162 2332 189 2369 uo
238 2321 280 2375 lle
298 2321 346 2374 tibi
365 2321 476 2374 riualem
496 2321 519 2375 si
537 2322 615 2376 iuuat
633 2339 703 2387 esse,
723 2328 794 2377 ueta.
