2375 3575
468 451 513 484 sris
528 450 667 485 Ausucum.
912 446 945 499 67

177 598 267 666 Quam
285 614 373 668 paene
391 596 527 662 admonui,
546 614 580 652 ne
598 602 659 653 trux
678 614 760 668 caper
777 600 829 655 iret
845 602 874 656 in
891 602 962 669 alas,

213 682 289 737 Neue
305 682 395 738 forent
412 683 486 738 duris
504 700 604 753 aspera
621 701 700 738 crura
716 684 791 754 pilis!

129 786 164 824 us
179 769 236 824 Sed
253 784 309 823 non
327 768 469 824 Caucasea
486 769 571 824 doceo
590 769 624 823 de
641 786 709 839 rope
726 772 845 840 puellas,

214 854 346 923 Quaeque
363 854 459 909 bibant
477 855 572 919 undas,
590 854 665 927 Myse
684 856 773 923 (laice,
791 860 863 913 tuas.

179 940 259 1008 Quid,
279 940 302 994 si
320 939 494 1010 praecipiam,
514 956 547 994 ne
564 941 654 995 fuscet
667 942 764 995 inertia
782 942 885 1009 dentes,

215 1025 325 1095 Oraque
342 1028 472 1095 suscepta
489 1042 568 1079 mane
586 1025 711 1081 leuentur
728 1029 818 1097 aqua?

180 1110 264 1165 Scitis
282 1115 309 1165 et
326 1110 438 1165 inducta
455 1111 600 1165 candorem
618 1128 748 1181 quaerere
766 1116 848 1167 creta.

130 1207 168 1248 sco
215 1195 354 1264 Sanguine
372 1212 443 1266 quae
460 1212 526 1250 uero
544 1212 598 1251 non
615 1198 701 1263 rubet
720 1201 778 1252 arte
795 1198 881 1253 rubet.

180 1285 247 1338 Arte
265 1281 401 1352 supercilii
419 1281 537 1335 confinia
553 1282 628 1337 nuda
644 1283 763 1353 repletis,

217 1368 359 1438 Paruaque
377 1367 498 1422 sinceras
517 1367 591 1422 uelat
609 1368 685 1422 aluta
701 1383 797 1436 genas.

180 1454 238 1509 Nec
254 1453 343 1524 pudor
361 1455 404 1507 est
421 1451 516 1507 oculos
533 1453 609 1507 tenui
627 1452 735 1522 signare
753 1453 848 1507 fauilla

220 1539 266 1593 Vel
283 1555 369 1608 prope
385 1543 412 1592 te
431 1543 503 1603 nato,
522 1537 611 1592 lucide
630 1538 730 1609 Cydne,
749 1554 836 1592 croco.

135 1643 170 1686 aes
181 1624 234 1680 Est
250 1623 324 1689 mihi,
343 1639 397 1694 quo
416 1624 469 1677 dixi
490 1627 598 1678 uestrae
616 1624 795 1678 medicamina
811 1623 922 1689 formae,

217 1710 323 1764 Paruus
340 1709 390 1764 sed
407 1725 473 1763 cura
490 1708 593 1778 grande
610 1709 716 1764 libellus
734 1725 811 1779 opus.

183 1799 254 1853 Hine
272 1812 380 1868 quoque
398 1795 563 1866 praesidium
580 1795 673 1850 laesae
690 1797 804 1866 petitote
820 1796 930 1864 figurae.

219 1885 278 1939 Non
295 1888 338 1938 est
355 1900 405 1954 pro
422 1882 521 1937 uestris
539 1898 583 1935 ars
601 1898 663 1936 mea
679 1882 760 1937 rebus
778 1882 856 1936 iners.

183 1971 245 2026 Non
262 1976 354 2025 tamen
372 1968 512 2038 expositas
531 1984 625 2022 mensa
643 1967 795 2036 deprendat
812 1969 917 2022 amator

138 2072 172 2112 mo
219 2055 346 2128 Pyxidas.
365 2070 410 2108 ars
427 2053 524 2108 faciem
543 2052 714 2107 dissimulata
731 2052 816 2106 iuuat.

185 2144 273 2211 Quem
290 2157 345 2195 non
362 2140 483 2194 offendat
500 2142 559 2193 toto
577 2139 640 2192 faex
657 2137 734 2192 inlita
751 2137 840 2199 uultu,

221 2227 289 2283 Gum
306 2225 367 2280 fluit
383 2226 412 2279 in
429 2224 537 2294 tepidos
555 2225 676 2294 pondere
694 2223 773 2293 lapsa
790 2222 885 2278 sinus?

186 2314 299 2384 Oesypa
316 2310 381 2382 quid
397 2308 536 2365 redolent?
560 2310 686 2380 quamuis
703 2309 825 2363 mittatur
842 2307 955 2362 Athenis

221 2399 355 2468 Demptus
373 2396 408 2450 ab
426 2395 555 2450 inmundo
573 2394 673 2449 uellere
691 2410 773 2449 sucus
791 2393 859 2449 ouis.

134 2497 172 2538 ars
185 2484 244 2539 Nec
261 2499 352 2537 coram
369 2481 468 2536 mixtas
486 2497 583 2536 ceruae
602 2479 751 2550 sumpsisse
768 2479 900 2534 medullas

222 2569 278 2623 Nec
295 2584 386 2623 coram
404 2567 500 2623 dentes
518 2566 675 2621 defricuisse
694 2565 812 2635 probem.

187 2657 248 2711 leta
264 2654 368 2710 dabunt
384 2652 505 2719 formam,
524 2652 574 2707 sed
591 2656 670 2706 erunt
688 2650 818 2705 deformia
835 2649 904 2704 uisu.

223 2741 369 2810 Multaque,
388 2739 452 2794 dum
469 2738 545 2804 fiunt,
561 2737 661 2807 turpia,
680 2735 755 2792 facta
770 2734 889 2805 placent.

189 2828 268 2896 Quae
285 2840 358 2880 nunc
374 2840 472 2879 nornen
489 2823 592 2879 habent
608 2821 716 2892 operosi
734 2820 814 2890 signa
831 2819 962 2891 Myronis,

134 2922 176 2964 no
225 2909 336 2967 Pondus
353 2910 425 2966 iners
443 2908 579 2980 quondam
598 2906 720 2976 duraque
736 2921 830 2986 massa
846 2903 905 2959 luit.

830 2991 860 3032 Q.
