<?xml version="1.0" encoding="UTF-8"?>
<!DOCTYPE html PUBLIC "-//W3C//DTD XHTML 1.0 Transitional//EN"
    "http://www.w3.org/TR/xhtml1/DTD/xhtml1-transitional.dtd">
<html xmlns="http://www.w3.org/1999/xhtml" xml:lang="en" lang="en">
 <head>
  <title>
</title>
<meta http-equiv="Content-Type" content="text/html;charset=utf-8" />
  <meta name='ocr-system' content='tesseract 3.04.00' />
  <meta name='ocr-capabilities' content='ocr_page ocr_carea ocr_par ocr_line ocrx_word'/>
</head>
<body>
  <div class='ocr_page' id='page_1' title='image "./povidiinasonisc00mlgoog_0090.png"; bbox 0 0 2375 3575; ppageno 0'>
   <div class='ocr_carea' id='block_1_1' title="bbox 241 466 722 523">
    <p class='ocr_par' dir='ltr' id='par_1_1' title="bbox 241 466 722 523">
     <span class='ocr_line' id='line_1_1' title="bbox 241 466 722 523; baseline 0.002 -1"><span class='ocrx_word' id='word_1_1' title='bbox 241 466 274 518; x_wconf 81' lang='lat'>8&#39;2</span> <span class='ocrx_word' id='word_1_2' title='bbox 521 489 569 523; x_wconf 67' lang='lat' dir='ltr'>aas</span> <span class='ocrx_word' id='word_1_3' title='bbox 582 489 722 523; x_wconf 71' lang='lat' dir='ltr'>marom.</span> 
     </span>
    </p>
   </div>
   <div class='ocr_carea' id='block_1_2' title="bbox 191 618 1028 1115">
    <p class='ocr_par' dir='ltr' id='par_1_2' title="bbox 191 618 1028 1115">
     <span class='ocr_line' id='line_1_2' title="bbox 241 618 961 690; baseline 0.001 -17"><span class='ocrx_word' id='word_1_4' title='bbox 241 619 332 687; x_wconf 84' lang='lat' dir='ltr'>Nupta</span> <span class='ocrx_word' id='word_1_5' title='bbox 349 619 437 673; x_wconf 86' lang='lat' dir='ltr'>uirum</span> <span class='ocrx_word' id='word_1_6' title='bbox 453 618 556 672; x_wconf 75' lang='lat' dir='ltr'>timeat</span> <span class='ocrx_word' id='word_1_7' title='bbox 574 622 636 672; x_wconf 80' lang='lat' dir='ltr'>rata</span> <span class='ocrx_word' id='word_1_8' title='bbox 652 618 690 673; x_wconf 89' lang='lat' dir='ltr'>sit</span> <span class='ocrx_word' id='word_1_9' title='bbox 707 618 835 673; x_wconf 75' lang='lat' dir='ltr'>custodia</span> <span class='ocrx_word' id='word_1_10' title='bbox 851 623 961 690; x_wconf 76' lang='lat' dir='ltr'>nuptas</span> 
     </span>
     <span class='ocr_line' id='line_1_3' title="bbox 274 703 989 775; baseline 0 -17"><span class='ocrx_word' id='word_1_11' title='bbox 274 705 334 758; x_wconf 86' lang='lat' dir='ltr'>Hoe</span> <span class='ocrx_word' id='word_1_12' title='bbox 352 703 438 770; x_wconf 84' lang='lat' dir='ltr'>decet,</span> <span class='ocrx_word' id='word_1_13' title='bbox 456 704 509 758; x_wconf 86' lang='lat' dir='ltr'>hoe</span> <span class='ocrx_word' id='word_1_14' title='bbox 526 703 601 775; x_wconf 83' lang='lat' dir='ltr'>leges</span> <span class='ocrx_word' id='word_1_15' title='bbox 618 704 716 774; x_wconf 88' lang='lat' dir='ltr'>iusque</span> <span class='ocrx_word' id='word_1_16' title='bbox 733 704 879 775; x_wconf 88' lang='lat' dir='ltr'>pudorque</span> <span class='ocrx_word' id='word_1_17' title='bbox 896 705 989 760; x_wconf 87' lang='lat' dir='ltr'>iubent</span> 
     </span>
     <span class='ocr_line' id='line_1_4' title="bbox 191 789 1002 860; baseline -0.002 -15"><span class='ocrx_word' id='word_1_18' title='bbox 191 811 228 846; x_wconf 75' lang='lat' dir='ltr'>ms</span> <span class='ocrx_word' id='word_1_19' title='bbox 240 791 279 845; x_wconf 86' lang='lat' dir='ltr'>Te</span> <span class='ocrx_word' id='word_1_20' title='bbox 297 805 406 860; x_wconf 89' lang='lat' dir='ltr'>quuque</span> <span class='ocrx_word' id='word_1_21' title='bbox 424 790 535 854; x_wconf 86' lang='lat' dir='ltr'>seruari,</span> <span class='ocrx_word' id='word_1_22' title='bbox 553 789 634 846; x_wconf 89' lang='lat' dir='ltr'>modo</span> <span class='ocrx_word' id='word_1_23' title='bbox 651 804 733 860; x_wconf 82' lang='lat' dir='ltr'>quam</span> <span class='ocrx_word' id='word_1_24' title='bbox 751 789 875 845; x_wconf 76' lang='lat' dir='ltr'>uindicta</span> <span class='ocrx_word' id='word_1_25' title='bbox 891 789 1002 852; x_wconf 83' lang='lat' dir='ltr'>redemit</span> 
     </span>
     <span class='ocr_line' id='line_1_5' title="bbox 274 874 925 943; baseline 0 -14"><span class='ocrx_word' id='word_1_26' title='bbox 274 875 341 943; x_wconf 84' lang='lat' dir='ltr'>Quis</span> <span class='ocrx_word' id='word_1_27' title='bbox 358 874 446 930; x_wconf 78' lang='lat' dir='ltr'>ferat?</span> <span class='ocrx_word' id='word_1_28' title='bbox 464 881 495 930; x_wconf 90' lang='lat' dir='ltr'>ut</span> <span class='ocrx_word' id='word_1_29' title='bbox 511 874 598 940; x_wconf 79' lang='lat' dir='ltr'>sallas,</span> <span class='ocrx_word' id='word_1_30' title='bbox 617 875 653 929; x_wconf 90' lang='lat' dir='ltr'>ad</span> <span class='ocrx_word' id='word_1_31' title='bbox 671 890 733 929; x_wconf 82' lang='lat' dir='ltr'>mea</span> <span class='ocrx_word' id='word_1_32' title='bbox 750 891 831 931; x_wconf 83' lang='lat' dir='ltr'>sacra</span> <span class='ocrx_word' id='word_1_33' title='bbox 848 876 925 931; x_wconf 87' lang='lat' dir='ltr'>ueni!</span> 
     </span>
     <span class='ocr_line' id='line_1_6' title="bbox 240 960 1028 1017; baseline 0.001 -2"><span class='ocrx_word' id='word_1_34' title='bbox 240 961 293 1015; x_wconf 87' lang='lat' dir='ltr'>Tot</span> <span class='ocrx_word' id='word_1_35' title='bbox 309 960 374 1014; x_wconf 85' lang='lat' dir='ltr'>licet</span> <span class='ocrx_word' id='word_1_36' title='bbox 391 960 538 1015; x_wconf 90' lang='lat' dir='ltr'>obseruent</span> <span class='ocrx_word' id='word_1_37' title='bbox 550 991 582 1000; x_wconf 86' lang='lat'><em>-</em></span> <span class='ocrx_word' id='word_1_38' title='bbox 600 961 673 1014; x_wconf 83' lang='lat' dir='ltr'>adsit</span> <span class='ocrx_word' id='word_1_39' title='bbox 690 960 771 1015; x_wconf 87' lang='lat' dir='ltr'>modo</span> <span class='ocrx_word' id='word_1_40' title='bbox 789 964 866 1015; x_wconf 81' lang='lat' dir='ltr'>eerta</span> <span class='ocrx_word' id='word_1_41' title='bbox 883 961 1028 1017; x_wconf 77' lang='lat' dir='ltr'>uoluntas-</span> 
     </span>
     <span class='ocr_line' id='line_1_7' title="bbox 274 1044 900 1115; baseline 0.002 -15"><span class='ocrx_word' id='word_1_42' title='bbox 274 1046 347 1113; x_wconf 82' lang='lat' dir='ltr'>Quot</span> <span class='ocrx_word' id='word_1_43' title='bbox 363 1045 472 1100; x_wconf 84' lang='lat' dir='ltr'>fuerant</span> <span class='ocrx_word' id='word_1_44' title='bbox 489 1047 562 1115; x_wconf 79' lang='lat' dir='ltr'>Argo</span> <span class='ocrx_word' id='word_1_45' title='bbox 580 1044 691 1111; x_wconf 87' lang='lat' dir='ltr'>lumina,</span> <span class='ocrx_word' id='word_1_46' title='bbox 709 1045 794 1100; x_wconf 86' lang='lat' dir='ltr'>uerba</span> <span class='ocrx_word' id='word_1_47' title='bbox 811 1045 900 1101; x_wconf 85' lang='lat' dir='ltr'>dabis</span> 
     </span>
    </p>
   </div>
   <div class='ocr_carea' id='block_1_3' title="bbox 189 1130 948 1370">
    <p class='ocr_par' dir='ltr' id='par_1_3' title="bbox 189 1130 948 1370">
     <span class='ocr_line' id='line_1_8' title="bbox 240 1130 911 1201; baseline 0 -14"><span class='ocrx_word' id='word_1_48' title='bbox 240 1130 348 1187; x_wconf 80' lang='lat' dir='ltr'>Scilicet</span> <span class='ocrx_word' id='word_1_49' title='bbox 365 1130 485 1186; x_wconf 80' lang='lat' dir='ltr'>obstabit</span> <span class='ocrx_word' id='word_1_50' title='bbox 502 1135 603 1192; x_wconf 81' lang='lat' dir='ltr'>eustos,</span> <span class='ocrx_word' id='word_1_51' title='bbox 623 1146 657 1185; x_wconf 87' lang='lat' dir='ltr'>ne</span> <span class='ocrx_word' id='word_1_52' title='bbox 674 1130 791 1185; x_wconf 88' lang='lat' dir='ltr'>seribere</span> <span class='ocrx_word' id='word_1_53' title='bbox 808 1131 911 1201; x_wconf 81' lang='lat' dir='ltr'>possis,</span> 
     </span>
     <span class='ocr_line' id='line_1_9' title="bbox 189 1214 916 1298; baseline 0 -27"><span class='ocrx_word' id='word_1_54' title='bbox 189 1232 227 1271; x_wconf 80' lang='lat' dir='ltr'>ean</span> <span class='ocrx_word' id='word_1_55' title='bbox 273 1215 427 1270; x_wconf 75' lang='lat' dir='ltr'>Sumendae</span> <span class='ocrx_word' id='word_1_56' title='bbox 445 1216 523 1298; x_wconf 84' lang='lat' dir='ltr'>detur</span> <span class='ocrx_word' id='word_1_57' title='bbox 542 1231 604 1270; x_wconf 84' lang='lat' dir='ltr'>enm</span> <span class='ocrx_word' id='word_1_58' title='bbox 621 1214 669 1271; x_wconf 91' lang='lat' dir='ltr'>tibi</span> <span class='ocrx_word' id='word_1_59' title='bbox 686 1220 795 1286; x_wconf 81' lang='lat' dir='ltr'>tempus</span> <span class='ocrx_word' id='word_1_60' title='bbox 813 1231 916 1286; x_wconf 86' lang='lat' dir='ltr'>aquae,</span> 
     </span>
     <span class='ocr_line' id='line_1_10' title="bbox 240 1300 948 1370; baseline 0.003 -15"><span class='ocrx_word' id='word_1_61' title='bbox 240 1300 357 1355; x_wconf 81' lang='lat' dir='ltr'><strong>Conscia</strong></span> <span class='ocrx_word' id='word_1_62' title='bbox 374 1316 434 1354; x_wconf 84' lang='lat' dir='ltr'>cum</span> <span class='ocrx_word' id='word_1_63' title='bbox 454 1300 543 1370; x_wconf 83' lang='lat' dir='ltr'>pessit</span> <span class='ocrx_word' id='word_1_64' title='bbox 559 1301 677 1370; x_wconf 84' lang='lat' dir='ltr'>seriptas</span> <span class='ocrx_word' id='word_1_65' title='bbox 696 1305 804 1370; x_wconf 82' lang='lat' dir='ltr'>portare</span> <span class='ocrx_word' id='word_1_66' title='bbox 822 1301 948 1368; x_wconf 80' lang='lat' dir='ltr'>tabellas,</span> 
     </span>
    </p>
   </div>
   <div class='ocr_carea' id='block_1_4' title="bbox 185 1385 1006 2985">
    <p class='ocr_par' dir='ltr' id='par_1_4' title="bbox 185 1385 1006 2985">
     <span class='ocr_line' id='line_1_11' title="bbox 274 1385 866 1455; baseline 0 -16"><span class='ocrx_word' id='word_1_67' title='bbox 274 1385 349 1453; x_wconf 83' lang='lat' dir='ltr'>Quas</span> <span class='ocrx_word' id='word_1_68' title='bbox 366 1387 443 1454; x_wconf 83' lang='lat' dir='ltr'>tegat</span> <span class='ocrx_word' id='word_1_69' title='bbox 459 1387 487 1439; x_wconf 91' lang='lat' dir='ltr'>in</span> <span class='ocrx_word' id='word_1_70' title='bbox 505 1385 599 1455; x_wconf 87' lang='lat' dir='ltr'>tepido</span> <span class='ocrx_word' id='word_1_71' title='bbox 617 1385 704 1440; x_wconf 77' lang='lat' dir='ltr'>lasela</span> <span class='ocrx_word' id='word_1_72' title='bbox 720 1385 778 1440; x_wconf 84' lang='lat' dir='ltr'>lata</span> <span class='ocrx_word' id='word_1_73' title='bbox 795 1385 866 1452; x_wconf 85' lang='lat' dir='ltr'>sinn,</span> 
     </span>
     <span class='ocr_line' id='line_1_12' title="bbox 240 1469 851 1540; baseline 0.002 -15"><span class='ocrx_word' id='word_1_74' title='bbox 240 1471 307 1525; x_wconf 83' lang='lat' dir='ltr'>Cum</span> <span class='ocrx_word' id='word_1_75' title='bbox 326 1470 415 1540; x_wconf 84' lang='lat' dir='ltr'>pessit</span> <span class='ocrx_word' id='word_1_76' title='bbox 433 1486 498 1525; x_wconf 90' lang='lat' dir='ltr'>sura</span> <span class='ocrx_word' id='word_1_77' title='bbox 515 1470 625 1526; x_wconf 79' lang='lat' dir='ltr'>chartas</span> <span class='ocrx_word' id='word_1_78' title='bbox 644 1469 732 1525; x_wconf 84' lang='lat' dir='ltr'>celare</span> <span class='ocrx_word' id='word_1_79' title='bbox 749 1469 851 1539; x_wconf 83' lang='lat' dir='ltr'>ligatas</span> 
     </span>
     <span class='ocr_line' id='line_1_13' title="bbox 274 1554 918 1627; baseline 0.005 -18"><span class='ocrx_word' id='word_1_80' title='bbox 274 1556 309 1609; x_wconf 83' lang='lat' dir='ltr'>Et</span> <span class='ocrx_word' id='word_1_81' title='bbox 326 1556 419 1610; x_wconf 83' lang='lat' dir='ltr'>uincto</span> <span class='ocrx_word' id='word_1_82' title='bbox 437 1554 551 1611; x_wconf 87' lang='lat' dir='ltr'>blandas</span> <span class='ocrx_word' id='word_1_83' title='bbox 569 1556 622 1612; x_wconf 93' lang='lat' dir='ltr'>sub</span> <span class='ocrx_word' id='word_1_84' title='bbox 639 1556 710 1627; x_wconf 78' lang='lat' dir='ltr'>pede</span> <span class='ocrx_word' id='word_1_85' title='bbox 727 1554 797 1610; x_wconf 83' lang='lat' dir='ltr'>ferre</span> <span class='ocrx_word' id='word_1_86' title='bbox 816 1558 918 1612; x_wconf 58' lang='lat' dir='ltr'>noma?</span> 
     </span>
     <span class='ocr_line' id='line_1_14' title="bbox 189 1641 983 1712; baseline 0 -16"><span class='ocrx_word' id='word_1_87' title='bbox 189 1657 227 1696; x_wconf 78' lang='lat' dir='ltr'>eas</span> <span class='ocrx_word' id='word_1_88' title='bbox 240 1642 350 1696; x_wconf 82' lang='lat' dir='ltr'>Oauerit</span> <span class='ocrx_word' id='word_1_89' title='bbox 367 1641 435 1695; x_wconf 82' lang='lat' dir='ltr'>haee</span> <span class='ocrx_word' id='word_1_90' title='bbox 453 1645 554 1707; x_wconf 87' lang='lat' dir='ltr'>eustos,</span> <span class='ocrx_word' id='word_1_91' title='bbox 572 1657 623 1710; x_wconf 88' lang='lat' dir='ltr'>pro</span> <span class='ocrx_word' id='word_1_92' title='bbox 641 1642 736 1696; x_wconf 82' lang='lat' dir='ltr'>charta</span> <span class='ocrx_word' id='word_1_93' title='bbox 752 1642 863 1696; x_wconf 76' lang='lat' dir='ltr'>conseia</span> <span class='ocrx_word' id='word_1_94' title='bbox 880 1646 983 1712; x_wconf 74' lang='lat' dir='ltr'>tergun</span> 
     </span>
     <span class='ocr_line' id='line_1_15' title="bbox 273 1725 911 1798; baseline 0.005 -19"><span class='ocrx_word' id='word_1_95' title='bbox 273 1726 412 1790; x_wconf 77' lang='lat' dir='ltr'>Praebeat</span> <span class='ocrx_word' id='word_1_96' title='bbox 431 1726 513 1798; x_wconf 91' lang='lat' dir='ltr'>inque</span> <span class='ocrx_word' id='word_1_97' title='bbox 531 1743 581 1781; x_wconf 88' lang='lat' dir='ltr'>suo</span> <span class='ocrx_word' id='word_1_98' title='bbox 599 1742 712 1798; x_wconf 80' lang='lat' dir='ltr'>corpore</span> <span class='ocrx_word' id='word_1_99' title='bbox 729 1726 815 1782; x_wconf 89' lang='lat' dir='ltr'>uerba</span> <span class='ocrx_word' id='word_1_100' title='bbox 830 1725 911 1796; x_wconf 84' lang='lat' dir='ltr'>ferat.</span> 
     </span>
     <span class='ocr_line' id='line_1_16' title="bbox 239 1811 957 1883; baseline 0.003 -16"><span class='ocrx_word' id='word_1_101' title='bbox 239 1812 311 1867; x_wconf 85' lang='lat' dir='ltr'>Tuta</span> <span class='ocrx_word' id='word_1_102' title='bbox 328 1815 464 1883; x_wconf 84' lang='lat' dir='ltr'>quoquest</span> <span class='ocrx_word' id='word_1_103' title='bbox 481 1811 605 1882; x_wconf 82' lang='lat' dir='ltr'>fallitque</span> <span class='ocrx_word' id='word_1_104' title='bbox 622 1812 715 1867; x_wconf 84' lang='lat' dir='ltr'>oeulos</span> <span class='ocrx_word' id='word_1_105' title='bbox 733 1827 749 1867; x_wconf 89' lang='lat' dir='ltr'>e</span> <span class='ocrx_word' id='word_1_106' title='bbox 766 1812 837 1867; x_wconf 86' lang='lat' dir='ltr'>lacte</span> <span class='ocrx_word' id='word_1_107' title='bbox 853 1813 957 1869; x_wconf 76' lang='lat' dir='ltr'>recenti</span> 
     </span>
     <span class='ocr_line' id='line_1_17' title="bbox 273 1896 866 1968; baseline -0.003 -16"><span class='ocrx_word' id='word_1_108' title='bbox 273 1897 384 1952; x_wconf 81' lang='lat' dir='ltr'>Littera.</span> <span class='ocrx_word' id='word_1_109' title='bbox 401 1896 526 1952; x_wconf 82' lang='lat' dir='ltr'>carbonis</span> <span class='ocrx_word' id='word_1_110' title='bbox 544 1897 658 1966; x_wconf 89' lang='lat' dir='ltr'>puluere</span> <span class='ocrx_word' id='word_1_111' title='bbox 674 1903 765 1967; x_wconf 85' lang='lat' dir='ltr'>tange,</span> <span class='ocrx_word' id='word_1_112' title='bbox 783 1897 866 1968; x_wconf 86' lang='lat' dir='ltr'>leges.</span> 
     </span>
     <span class='ocr_line' id='line_1_18' title="bbox 241 1982 883 2053; baseline 0.002 -16"><span class='ocrx_word' id='word_1_113' title='bbox 241 1983 329 2037; x_wconf 78' lang='lat' dir='ltr'>Fallet</span> <span class='ocrx_word' id='word_1_114' title='bbox 346 1988 381 2047; x_wconf 85' lang='lat' dir='ltr'>et,</span> <span class='ocrx_word' id='word_1_115' title='bbox 400 1982 513 2038; x_wconf 90' lang='lat' dir='ltr'>umiduli</span> <span class='ocrx_word' id='word_1_116' title='bbox 531 1998 602 2053; x_wconf 88' lang='lat' dir='ltr'>quae</span> <span class='ocrx_word' id='word_1_117' title='bbox 619 1983 667 2037; x_wconf 87' lang='lat' dir='ltr'>liet</span> <span class='ocrx_word' id='word_1_118' title='bbox 684 1983 808 2038; x_wconf 82' lang='lat' dir='ltr'>acumine</span> <span class='ocrx_word' id='word_1_119' title='bbox 826 1982 883 2049; x_wconf 88' lang='lat' dir='ltr'>lini,</span> 
     </span>
     <span class='ocr_line' id='line_1_19' title="bbox 189 2067 848 2137; baseline -0.003 -15"><span class='ocrx_word' id='word_1_120' title='bbox 189 2084 227 2122; x_wconf 80' lang='lat' dir='ltr'>sau</span> <span class='ocrx_word' id='word_1_121' title='bbox 274 2068 311 2122; x_wconf 86' lang='lat' dir='ltr'>Et</span> <span class='ocrx_word' id='word_1_122' title='bbox 328 2068 396 2122; x_wconf 88' lang='lat' dir='ltr'>leret</span> <span class='ocrx_word' id='word_1_123' title='bbox 413 2067 536 2122; x_wconf 83' lang='lat' dir='ltr'>occultas</span> <span class='ocrx_word' id='word_1_124' title='bbox 553 2084 623 2137; x_wconf 88' lang='lat' dir='ltr'>pura</span> <span class='ocrx_word' id='word_1_125' title='bbox 639 2067 741 2122; x_wconf 85' lang='lat' dir='ltr'>tabella</span> <span class='ocrx_word' id='word_1_126' title='bbox 758 2071 848 2123; x_wconf 88' lang='lat' dir='ltr'>notas.</span> 
     </span>
     <span class='ocr_line' id='line_1_20' title="bbox 239 2152 844 2223; baseline 0.003 -16"><span class='ocrx_word' id='word_1_127' title='bbox 239 2152 334 2207; x_wconf 82' lang='lat' dir='ltr'>Adfuit</span> <span class='ocrx_word' id='word_1_128' title='bbox 351 2153 456 2208; x_wconf 79' lang='lat' dir='ltr'>derisio</span> <span class='ocrx_word' id='word_1_129' title='bbox 475 2152 628 2207; x_wconf 87' lang='lat' dir='ltr'>seruandae</span> <span class='ocrx_word' id='word_1_130' title='bbox 646 2169 711 2207; x_wconf 82' lang='lat' dir='ltr'>eura</span> <span class='ocrx_word' id='word_1_131' title='bbox 727 2153 844 2223; x_wconf 84' lang='lat' dir='ltr'>puellae.</span> 
     </span>
     <span class='ocr_line' id='line_1_21' title="bbox 272 2237 912 2294; baseline 0.003 -2"><span class='ocrx_word' id='word_1_132' title='bbox 272 2239 352 2292; x_wconf 82' lang='lat' dir='ltr'>Hunc</span> <span class='ocrx_word' id='word_1_133' title='bbox 370 2242 461 2293; x_wconf 85' lang='lat' dir='ltr'>tamen</span> <span class='ocrx_word' id='word_1_134' title='bbox 478 2237 525 2292; x_wconf 85' lang='lat' dir='ltr'>illa</span> <span class='ocrx_word' id='word_1_135' title='bbox 542 2254 593 2292; x_wconf 89' lang='lat' dir='ltr'>suo</span> <span class='ocrx_word' id='word_1_136' title='bbox 611 2237 722 2292; x_wconf 84' lang='lat' dir='ltr'>erimine</span> <span class='ocrx_word' id='word_1_137' title='bbox 739 2238 804 2293; x_wconf 80' lang='lat' dir='ltr'>iecit</span> <span class='ocrx_word' id='word_1_138' title='bbox 821 2256 912 2294; x_wconf 82' lang='lat' dir='ltr'>auum.</span> 
     </span>
     <span class='ocr_line' id='line_1_22' title="bbox 241 2323 1006 2391; baseline 0.005 -15"><span class='ocrx_word' id='word_1_139' title='bbox 241 2323 310 2391; x_wconf 84' lang='lat' dir='ltr'>Quid</span> <span class='ocrx_word' id='word_1_140' title='bbox 328 2323 412 2378; x_wconf 79' lang='lat' dir='ltr'>faeiat</span> <span class='ocrx_word' id='word_1_141' title='bbox 428 2326 530 2389; x_wconf 83' lang='lat' dir='ltr'>eustos,</span> <span class='ocrx_word' id='word_1_142' title='bbox 549 2339 610 2377; x_wconf 82' lang='lat' dir='ltr'>eum</span> <span class='ocrx_word' id='word_1_143' title='bbox 629 2323 684 2378; x_wconf 94' lang='lat' dir='ltr'>sint</span> <span class='ocrx_word' id='word_1_144' title='bbox 700 2326 743 2377; x_wconf 87' lang='lat' dir='ltr'>tut</span> <span class='ocrx_word' id='word_1_145' title='bbox 759 2323 786 2377; x_wconf 93' lang='lat' dir='ltr'>in</span> <span class='ocrx_word' id='word_1_146' title='bbox 806 2324 872 2380; x_wconf 90' lang='lat' dir='ltr'>urbe</span> <span class='ocrx_word' id='word_1_147' title='bbox 889 2324 1006 2391; x_wconf 68' lang='lat' dir='ltr'>theam,</span> 
     </span>
     <span class='ocr_line' id='line_1_23' title="bbox 274 2407 898 2479; baseline 0.002 -18"><span class='ocrx_word' id='word_1_148' title='bbox 274 2409 342 2462; x_wconf 81' lang='lat' dir='ltr'>Cum</span> <span class='ocrx_word' id='word_1_149' title='bbox 360 2412 467 2479; x_wconf 81' lang='lat' dir='ltr'>spectet</span> <span class='ocrx_word' id='word_1_150' title='bbox 482 2408 590 2462; x_wconf 80' lang='lat' dir='ltr'>iunctos</span> <span class='ocrx_word' id='word_1_151' title='bbox 608 2407 655 2462; x_wconf 91' lang='lat' dir='ltr'>illa</span> <span class='ocrx_word' id='word_1_152' title='bbox 671 2407 785 2464; x_wconf 84' lang='lat' dir='ltr'>libenter</span> <span class='ocrx_word' id='word_1_153' title='bbox 803 2424 898 2479; x_wconf 70' lang='lat' dir='ltr'>equus</span> 
     </span>
     <span class='ocr_line' id='line_1_24' title="bbox 187 2492 979 2562; baseline 0.004 -17"><span class='ocrx_word' id='word_1_154' title='bbox 187 2507 225 2546; x_wconf 77' lang='lat' dir='ltr'>ssu</span> <span class='ocrx_word' id='word_1_155' title='bbox 239 2493 306 2548; x_wconf 82' lang='lat' dir='ltr'>Cum</span> <span class='ocrx_word' id='word_1_156' title='bbox 325 2494 421 2548; x_wconf 84' lang='lat' dir='ltr'>sedeat</span> <span class='ocrx_word' id='word_1_157' title='bbox 438 2493 553 2548; x_wconf 84' lang='lat' dir='ltr'>Phariae</span> <span class='ocrx_word' id='word_1_158' title='bbox 571 2493 660 2548; x_wconf 88' lang='lat' dir='ltr'>sistris</span> <span class='ocrx_word' id='word_1_159' title='bbox 677 2496 792 2562; x_wconf 88' lang='lat' dir='ltr'>operata</span> <span class='ocrx_word' id='word_1_160' title='bbox 808 2492 951 2562; x_wconf 78' lang='lat' dir='ltr'>iuuencae,</span> <span class='ocrx_word' id='word_1_161' title='bbox 975 2511 979 2519; x_wconf 94' lang='lat'><em>·</em></span> 
     </span>
     <span class='ocr_line' id='line_1_25' title="bbox 271 2578 856 2649; baseline 0.002 -17"><span class='ocrx_word' id='word_1_162' title='bbox 271 2579 384 2649; x_wconf 81' lang='lat' dir='ltr'>Quoque</span> <span class='ocrx_word' id='word_1_163' title='bbox 402 2579 444 2635; x_wconf 91' lang='lat' dir='ltr'>sui</span> <span class='ocrx_word' id='word_1_164' title='bbox 463 2579 575 2633; x_wconf 84' lang='lat' dir='ltr'>comites</span> <span class='ocrx_word' id='word_1_165' title='bbox 592 2578 632 2633; x_wconf 88' lang='lat' dir='ltr'>ire</span> <span class='ocrx_word' id='word_1_166' title='bbox 649 2582 784 2645; x_wconf 77' lang='lat' dir='ltr'>natantur,</span> <span class='ocrx_word' id='word_1_167' title='bbox 803 2582 856 2645; x_wconf 71' lang='lat' dir='ltr'>eat,</span> 
     </span>
     <span class='ocr_line' id='line_1_26' title="bbox 237 2663 999 2735; baseline 0.003 -17"><span class='ocrx_word' id='word_1_168' title='bbox 237 2665 304 2718; x_wconf 76' lang='lat' dir='ltr'>Cum</span> <span class='ocrx_word' id='word_1_169' title='bbox 321 2663 399 2735; x_wconf 82' lang='lat' dir='ltr'>fuget</span> <span class='ocrx_word' id='word_1_170' title='bbox 416 2681 434 2718; x_wconf 89' lang='lat' dir='ltr'>a</span> <span class='ocrx_word' id='word_1_171' title='bbox 450 2663 559 2733; x_wconf 87' lang='lat' dir='ltr'>templis</span> <span class='ocrx_word' id='word_1_172' title='bbox 577 2664 671 2718; x_wconf 87' lang='lat' dir='ltr'>oeulos</span> <span class='ocrx_word' id='word_1_173' title='bbox 688 2664 767 2718; x_wconf 88' lang='lat' dir='ltr'>Bona</span> <span class='ocrx_word' id='word_1_174' title='bbox 784 2663 856 2718; x_wconf 89' lang='lat' dir='ltr'>Diua</span> <span class='ocrx_word' id='word_1_175' title='bbox 872 2664 999 2731; x_wconf 81' lang='lat' dir='ltr'>uirorum,</span> 
     </span>
     <span class='ocr_line' id='line_1_27' title="bbox 272 2748 856 2819; baseline 0.003 -17"><span class='ocrx_word' id='word_1_176' title='bbox 272 2749 464 2818; x_wconf 82' lang='lat' dir='ltr'>Praeterquam</span> <span class='ocrx_word' id='word_1_177' title='bbox 482 2749 576 2819; x_wconf 90' lang='lat' dir='ltr'>siquos</span> <span class='ocrx_word' id='word_1_178' title='bbox 593 2748 642 2803; x_wconf 91' lang='lat' dir='ltr'>illa</span> <span class='ocrx_word' id='word_1_179' title='bbox 659 2749 751 2804; x_wconf 86' lang='lat' dir='ltr'>uenire</span> <span class='ocrx_word' id='word_1_180' title='bbox 768 2748 856 2815; x_wconf 89' lang='lat' dir='ltr'>iubet,</span> 
     </span>
     <span class='ocr_line' id='line_1_28' title="bbox 239 2833 921 2904; baseline -0.001 -14"><span class='ocrx_word' id='word_1_181' title='bbox 239 2834 306 2890; x_wconf 81' lang='lat' dir='ltr'>(lum</span> <span class='ocrx_word' id='word_1_182' title='bbox 325 2834 439 2889; x_wconf 84' lang='lat' dir='ltr'>custode</span> <span class='ocrx_word' id='word_1_183' title='bbox 456 2834 522 2889; x_wconf 84' lang='lat' dir='ltr'>ioris</span> <span class='ocrx_word' id='word_1_184' title='bbox 539 2834 648 2889; x_wconf 86' lang='lat' dir='ltr'>tunicas</span> <span class='ocrx_word' id='word_1_185' title='bbox 666 2836 794 2889; x_wconf 86' lang='lat' dir='ltr'>seruante</span> <span class='ocrx_word' id='word_1_186' title='bbox 812 2833 921 2904; x_wconf 78' lang='lat' dir='ltr'>puellae</span> 
     </span>
     <span class='ocr_line' id='line_1_29' title="bbox 185 2918 819 2985; baseline 0.006 -15"><span class='ocrx_word' id='word_1_187' title='bbox 185 2932 223 2970; x_wconf 74' lang='lat' dir='ltr'>ssu</span> <span class='ocrx_word' id='word_1_188' title='bbox 271 2918 367 2974; x_wconf 79' lang='lat' dir='ltr'>Celent</span> <span class='ocrx_word' id='word_1_189' title='bbox 383 2918 500 2974; x_wconf 76' lang='lat' dir='ltr'>surtinus</span> <span class='ocrx_word' id='word_1_190' title='bbox 516 2918 617 2975; x_wconf 80' lang='lat' dir='ltr'>balnea</span> <span class='ocrx_word' id='word_1_191' title='bbox 633 2919 719 2974; x_wconf 89' lang='lat' dir='ltr'>multa</span> <span class='ocrx_word' id='word_1_192' title='bbox 734 2920 819 2985; x_wconf 80' lang='lat' dir='ltr'>ineos,</span> 
     </span>
    </p>
   </div>
   <div class='ocr_carea' id='block_1_5' title="bbox 0 0 1192 3575">
    <p class='ocr_par' dir='ltr' id='par_1_5' title="bbox 0 0 1192 3575">
     <span class='ocr_line' id='line_1_30' title="bbox 0 0 1192 3575; baseline 0 2"><span class='ocrx_word' id='word_1_193' title='bbox 0 0 1192 3575; x_wconf 95' lang='lat' dir='ltr'> </span> 
     </span>
    </p>
   </div>
  </div>
 </body>
</html>
