2375 3575
495 471 541 503 rurs
554 470 694 504 sunnonis.
944 450 977 502 85

244 599 420 668 ‘Accipienda
437 599 505 664 sinu,
524 597 631 653 mobilis
649 616 723 665 aura,
741 600 820 654 ueni’

211 685 340 753 Coniugis
360 684 395 738 ad
412 684 521 738 timidas
540 684 639 754 aliquis
656 685 726 738 male
744 684 855 741 sedulus
873 703 952 743 aures

170 778 198 820 uo
230 770 362 839 'Auditos
381 770 491 824 memori
510 769 608 824 detulit
624 786 671 824 ore
689 787 778 825 sonos.

210 855 316 910 Procris
334 858 365 909 ιιι
382 855 489 925 accepit
506 871 613 921 nomen,
632 856 710 926 quasi
728 856 829 927 pelicis,
848 874 942 914 aurae.

242 941 352 995 Excidit
370 944 398 994 et
415 940 504 995 subito
522 944 600 994 muta
617 940 709 994 dolore
727 941 785 995 fuit.

209 1026 315 1091 Palluit,
335 1029 366 1079 ιιι
385 1041 461 1080 serae
479 1025 557 1080 lectis
577 1026 610 1081 de
628 1027 683 1080 uite
701 1043 816 1082 racemis

241 1111 400 1166 Pallescunt
417 1111 534 1176 frondes,
554 1127 623 1182 quas
642 1129 713 1166 noua
730 1113 810 1167 laesit
827 1113 926 1179 hiems,

168 1205 196 1247 tu
210 1199 342 1267 Quaeque
361 1213 425 1252 suos
443 1201 558 1252 curuant
576 1188 682 1251 matura
700 1198 815 1269 cydonia
832 1215 922 1252 ramos

242 1283 388 1352 Cornaque
407 1282 496 1336 adhuc
513 1283 614 1337 nostris
633 1299 686 1337 non
705 1283 772 1338 satis
791 1287 857 1354 apta
873 1284 948 1338 cibis.

209 1369 242 1422 Vt
260 1368 342 1422 rediit
360 1367 472 1432 animus,
489 1371 587 1441 tenues
606 1386 622 1422 a
639 1376 750 1437 pectore
767 1372 858 1424 uestes

241 1455 356 1524 Rumpit
374 1457 401 1507 et
417 1453 544 1522 indignas
563 1454 669 1508 sauciat
687 1470 776 1523 ungue
794 1471 887 1524 genas.

208 1541 263 1595 Nec
283 1556 366 1604 mora
386 1555 435 1609 per
452 1539 555 1594 medias
573 1539 664 1608 passis
682 1539 827 1594 furibunda
844 1539 948 1609 capillis

165 1641 195 1682 uo
241 1625 350 1690 Euolat,
369 1630 400 1679 ut
416 1625 511 1696 thyrso
530 1625 637 1680 concita
654 1626 768 1691 Baccha,
788 1625 856 1680 uias.

208 1712 243 1766 Vt
260 1727 347 1781 prope
366 1714 535 1781 peruentum,
554 1711 668 1765 comites
685 1711 712 1765 in
732 1710 803 1765 ualle
820 1710 958 1781 relinquit,

241 1798 308 1868 Ipsa
326 1813 422 1852 nemus
439 1798 524 1852 tacito
543 1797 612 1851 clam
631 1798 700 1867 pcde
718 1797 796 1852 fortis
814 1798 871 1851 init.

208 1883 281 1951 Quid
297 1882 347 1938 tibi
365 1884 463 1938 mentis
481 1887 546 1948 erat
566 1899 627 1936 cum
646 1883 686 1937 sic
704 1882 773 1937 male
791 1900 859 1937 sana
875 1882 981 1948 lateres

241 1968 352 2024 Procri?
372 1968 432 2039 quis
451 1969 557 2023 attoniti
575 1969 693 2038 pectoris
712 1968 792 2022 ardor
809 1968 883 2023 erat?

163 2069 195 2108 us
208 2056 267 2110 Iam
286 2056 340 2107 iam
357 2058 512 2118 uenturam,
531 2070 718 2123 quaecumque
737 2057 795 2107 erat
811 2056 892 2118 Aura,
910 2053 1027 2122 putabas

243 2139 355 2197 Scilicet
372 2144 455 2209 atque
474 2138 558 2194 oculis
576 2140 677 2209 probra
694 2139 811 2194 uidenda
828 2139 891 2193 tuis.

208 2226 286 2280 Nunc
295 2224 404 2279 uenisse
413 2226 488 2294 piget
498 2256 528 2263 -
541 2240 628 2295 neque
637 2226 707 2280 enim
718 2225 883 2294 deprendere
892 2223 976 2279 uelles
988 2257 1026 2290 -‚

241 2311 321 2367 Nunc
337 2311 421 2365 iuuat.
439 2310 557 2365 incertus
575 2314 688 2381 pectora
705 2315 797 2365 uersat
816 2326 898 2364 amor.

208 2396 327 2454 Credere
345 2412 415 2466 quae
433 2396 550 2462 iubeant,
569 2396 645 2451 locus
664 2401 707 2451 est
725 2400 752 2451 et
770 2412 866 2450 nomen
886 2400 913 2449 et
930 2395 1010 2449 index

162 2494 196 2535 uro
242 2482 279 2537 Et
297 2482 362 2552 quia
379 2498 473 2536 amans
492 2498 599 2551 semper
617 2481 691 2552 quod
707 2483 785 2536 timet
803 2497 864 2536 esse
881 2484 967 2550 putat.

208 2568 283 2623 Vidit
300 2572 332 2622 ut
348 2583 481 2637 oppressa
498 2567 616 2637 uestigia
634 2567 754 2636 corporis
771 2566 862 2632 herba,

242 2653 391 2708 Pulsantur
407 2653 505 2723 trepidi
524 2653 605 2707 corde
622 2654 739 2707 micante
757 2654 840 2707 sinus.

208 2740 323 2809 lamque
340 2738 398 2792 dies
416 2738 521 2793 medius
538 2742 635 2794 tenues
653 2742 825 2793 contraxerat
843 2736 960 2801 umbras,

243 2824 332 2894 Inque
348 2822 409 2892 pari
426 2814 516 2893 spatio
534 2839 633 2894 uesper
651 2828 678 2877 et
696 2830 771 2878 ortus
790 2832 874 2877 erant.

161 2922 195 2961 nu
208 2910 290 2976 Ecce,
309 2908 380 2963 redit
397 2908 533 2979 Cephalus
552 2908 635 2974 siluis,
655 2908 777 2980 Cyllenia
793 2908 890 2978 proles,

243 2996 354 3066 Oraque
370 2995 484 3051 fontana
501 2994 611 3053 feruida
627 2994 725 3071 pulsat
741 3010 827 3067 aqua.

1053 2901 1063 3008 l
