2375 3575
240 483 256 536 8
522 501 568 538 nnn
582 504 722 538 sunnonis.

240 634 296 689 Nee
311 634 376 704 iuge
393 634 523 703 linigerae
540 632 715 702 Memphitica
731 631 833 701 templa
850 632 990 686 iuuencae.

273 718 373 774 Multas
390 719 436 773 illa
453 718 526 784 lacit
546 718 621 788 qnod
639 718 691 771 fuit
707 718 770 786 ipsa
787 717 852 771 Iovi.

240 804 275 858 Et
286 804 347 858 lora
357 804 530 869 conueniunt
550 834 581 843 -
594 803 656 873 quis
669 802 778 857 credere
790 803 894 872 possit?
909 833 939 842 —
957 803 1052 857 Amori

202 906 226 943 so
273 888 451 958 Flammaque
468 889 496 941 in
515 892 612 957 argnto
633 903 716 957 saepe
733 893 841 957 reperta
858 888 926 941 foro.

240 972 356 1028 Subdita
372 988 427 1042 qua
445 973 557 1028 Veneris
575 974 649 1029 facto
668 973 702 1027 de
720 988 853 1027 marmore
870 972 972 1041 templo

274 1058 377 1127 Appias
396 1058 532 1127 expressis
550 1062 615 1112 aera
632 1058 725 1126 pulsat
742 1057 829 1127 aquis,

239 1142 288 1196 lllo
307 1158 390 1211 saepe
407 1143 468 1197 loco
487 1143 593 1213 capitur
611 1142 753 1215 consultus
771 1142 876 1207 Amori,

274 1227 380 1297 Quique
398 1227 459 1282 aliis
477 1228 558 1292 cauit
577 1244 631 1282 non
651 1231 731 1281 cauet
748 1227 808 1296 ipse
826 1226 885 1282 sibi.

201 1329 225 1365 es
239 1312 288 1366 lllo
307 1328 390 1381 saepe
406 1312 467 1368 loco
485 1313 585 1368 desunt
603 1329 654 1367 sua
672 1313 756 1368 uerba
773 1312 887 1375 diserto,

273 1397 382 1467 Resque
400 1414 489 1452 nonae
507 1399 628 1464 ueniunt,
648 1413 785 1467 causaque
804 1396 911 1465 agenda
928 1400 1015 1451 suast.

238 1482 319 1537 Hunc
337 1481 428 1537 Venus
447 1499 462 1537 e
479 1483 600 1554 templis,
619 1499 690 1553 quae
708 1486 772 1537 sunt
789 1481 913 1547 confinia,
932 1482 1013 1536 ridet.

273 1567 324 1635 Qui
342 1568 424 1622 modo
436 1571 577 1637 patronus,
597 1584 669 1623 nunc
687 1567 763 1637 cupit
781 1583 842 1622 esse
861 1567 953 1621 cliens.

239 1652 295 1709 Sed
311 1655 342 1707 tu
359 1653 505 1722 praecipue
524 1654 615 1708 curuis
633 1669 734 1707 uenare
751 1652 874 1707 theatris,

200 1753 225 1790 eo
290 1737 366 1793 Haec
383 1737 444 1793 loca
461 1743 525 1793 sunt
542 1742 607 1794 uoto
625 1738 756 1793 fertiliora
773 1741 829 1793 tuo.

238 1822 294 1878 lllic
311 1823 446 1888 inuenies,
465 1825 539 1893 quod
557 1840 645 1889 ames,
664 1825 736 1894 quod
752 1824 845 1878 ludere
863 1823 967 1892 possis,

271 1907 405 1978 Quodque
423 1908 507 1963 semel
524 1912 636 1977 tangas,
655 1909 783 1979 quodque
800 1912 894 1962 tenere
912 1907 987 1962 velis.

240 1992 273 2046 Ut
290 1993 361 2046 redit
377 1992 452 2062 itque
471 1994 600 2064 frequens
618 1994 728 2062 longum
747 1993 862 2048 formica
883 2009 931 2062 per
950 2008 1048 2062 agmen

272 2077 414 2134 Granifero
432 2078 541 2132 solitum
560 2095 620 2133 cum
640 2079 715 2133 uehit
733 2095 779 2133 ore
798 2079 893 2144 cibum,

200 2177 224 2214 ru
238 2164 292 2216 Aut
310 2166 341 2217 ut
358 2179 425 2232 apes
443 2163 585 2233 saltusque
604 2180 669 2219 suos
688 2169 716 2218 et
733 2164 833 2218 olentia
852 2166 948 2218 nactae

271 2248 376 2303 Pascua
393 2264 443 2317 per
459 2249 540 2302 tiores
558 2251 586 2302 et
604 2249 698 2320 thyma
715 2265 821 2303 summa
839 2248 940 2313 nolant,

237 2331 283 2388 Sic
299 2332 355 2386 ruit
371 2332 399 2386 in
418 2333 537 2388 celebres
556 2333 707 2388 cultissima
724 2333 826 2387 femina
843 2334 931 2388 ludos.

271 2416 357 2486 Copia
374 2417 504 2472 iudicium
521 2434 606 2487 saepe
623 2422 730 2473 morata
748 2422 872 2473 meumst.

237 2501 395 2569 Spectatum
413 2503 534 2566 ueniunt,
552 2503 666 2558 ueniunt
684 2508 840 2572 spectentur
859 2509 888 2558 ut
905 2504 990 2573 ipsae.

187 2599 224 2638 roo
271 2585 319 2640 Ille
337 2585 414 2642 locus
433 2587 502 2642 casti
520 2588 621 2642 damna
637 2589 750 2657 pudoris
768 2588 858 2644 habet.

236 2670 342 2726 Primus
359 2671 492 2727 sollicitos
510 2673 612 2738 fecisti,
630 2672 756 2738 Romule,
775 2673 867 2739 ludos,

271 2756 338 2810 Cum
355 2757 425 2812 inuit
442 2757 539 2812 uiduos
557 2762 637 2826 rapta
655 2757 756 2815 Sabina
775 2758 856 2814 uiros.

238 2840 315 2894 'l'unc
333 2858 421 2913 neque
439 2858 589 2897 marmoreo
608 2843 765 2911 pendebant
781 2843 844 2898 uela
861 2844 977 2911 theatro,

272 2925 327 2981 Nec
345 2927 453 2982 fuerant
469 2927 572 2997 liquido
590 2927 698 2996 pulpita
714 2928 797 2984 rubra
814 2945 901 2984 croco.
