2375 3575
489 498 536 531 ΑΒΕ
550 498 691 532 nnnnnomn.

424 806 538 865 LIBER
561 806 770 877 SECVNDVS.

181 970 271 1025 Dicite
291 970 325 1024 ‘io
343 970 454 1024 Pacanl’
474 976 501 1023 et
519 969 561 1023 ‘io’
579 969 621 1024 bis
640 970 720 1024 dicite
740 970 860 1024 ‘Paeoni'

215 1055 325 1109 Decidit
343 1054 369 1108 in
388 1070 482 1109 casses
499 1055 603 1124 praeda
620 1056 707 1124 petita
725 1072 808 1111 meos.

182 1142 283 1195 Laetus
302 1156 397 1194 amans
416 1140 500 1194 donat
517 1140 594 1194 uiridi
613 1157 673 1194 mea
693 1141 814 1195 carmina
830 1140 933 1211 palma,

214 1225 341 1280 Praelata
359 1229 476 1279 Ascraeo
494 1224 672 1295 Maeonioque
691 1226 756 1280 seni.

156 1310 255 1365 s'lalis
273 1310 308 1365 ab
327 1310 459 1365 armiferis
477 1310 626 1365 Priameius
644 1311 744 1381 hospes
763 1311 882 1384 Amyclis

214 1395 339 1451 Candida
357 1412 417 1450 cum
435 1399 516 1465 rapta
533 1396 649 1464 coniuge
666 1398 728 1451 uela
747 1397 828 1451 dedit.

180 1481 254 1536 Talis
273 1487 332 1535 erat
350 1482 395 1551 qui
413 1484 441 1535 te
460 1498 539 1535 curru
558 1482 662 1535 uictore
679 1482 789 1549 terebat,

214 1566 299 1621 Vecta
317 1568 465 1637 peregrinis
486 1567 668 1638 Hippodamia
685 1568 761 1622 rotis.

180 1652 251 1720 Quid
269 1669 408 1723 properas,
428 1653 552 1707 iuuenis?
572 1653 667 1707 mediis
685 1659 733 1707 tua
750 1654 833 1722 pinus
852 1654 879 1707 in
899 1653 978 1708 undis

143 1754 166 1791 ιο
213 1737 340 1809 Nauigat.
359 1743 386 1794 et
403 1740 491 1807 longe,
512 1755 592 1809 quem
611 1742 683 1809 peto,
702 1743 798 1808 portus
818 1739 903 1795 abest.

178 1825 237 1880 Non
257 1825 325 1878 satis
343 1830 385 1880 est
403 1825 511 1880 uenisse
529 1824 578 1879 tibi
596 1842 638 1878 me
657 1830 720 1879 uate
739 1825 865 1896 puellam.

214 1911 279 1964 Arte
298 1927 359 1965 mea
377 1915 492 1979 captast.
514 1914 572 1964 arte
589 1909 709 1964 tenenda
726 1914 822 1964 meast.

177 1996 233 2051 Nec
251 1998 339 2050 minor
357 2001 399 2050 est
417 1996 510 2060 uirtus,
531 2011 611 2066 quam
631 2012 768 2065 quaerere,
789 1999 868 2065 parta
885 1995 962 2050 tueri.

213 2081 301 2136 Casus
318 2081 390 2136 inest
407 2081 469 2134 illic.
487 2081 539 2135 hoc
557 2081 609 2135 erit
627 2081 694 2136 artis
713 2096 788 2150 opus.

142 2178 164 2215 rs
178 2168 255 2221 Nunc
273 2166 344 2230 milri,
364 2166 506 2236 siquando,
525 2183 593 2235 puer
611 2171 638 2220 et
656 2166 797 2238 Cytherea,
817 2165 920 2231 fauete,

211 2253 288 2307 Nunc
306 2252 396 2306 Erato.
417 2269 479 2307 nam
496 2255 525 2306 tu
546 2268 646 2306 nomen
665 2257 763 2306 amoris
782 2251 875 2306 habes.

176 2338 275 2406 Magna
293 2353 439 2408 paro,quas
458 2338 548 2406 possit
566 2339 649 2392 Amor
668 2353 810 2392 remanere
827 2352 877 2407 per
895 2340 967 2392 artes

210 2423 317 2488 Dicere,
337 2428 391 2476 tam
412 2428 490 2478 uasto
509 2423 732 2493 peruagusorbe
751 2439 827 2492 puer.

176 2508 212 2563 Et
229 2507 298 2563 leuis
318 2513 360 2562 est
377 2510 405 2562 et
422 2508 505 2562 habet
523 2509 654 2577 geminas,
674 2508 776 2578 quibus
795 2507 898 2572 auolet,
917 2506 981 2563 alas,

141 2613 164 2652 a»
210 2593 355 2648 Difficilest
372 2594 425 2648 illis
444 2594 603 2664 inposuisse
621 2593 738 2648 modum.

177 2680 302 2750 Hospitis
321 2678 419 2749 effugio
437 2684 644 2749 praestruxerat
662 2679 752 2734 omnia
771 2678 866 2734 Minos.

211 2766 349 2820 Audacem
367 2765 458 2835 pinnis
469 2765 597 2840 vrepperit
615 2765 659 2819 ille
677 2765 757 2818 uiam.

176 2851 314 2906 Daedalus
333 2855 363 2905 ut
380 2850 479 2905 clausit
496 2857 658 2921 conceptum
677 2850 787 2904 crimine
808 2850 902 2905 matris

210 2937 437 3008 Semibouemque
455 2937 542 2992 uirum
560 2937 776 3011 semiuirumque
792 2936 916 3002 nouem„

855 3063 871 3100 Ἃ
