<?xml version="1.0" encoding="UTF-8"?>
<!DOCTYPE html PUBLIC "-//W3C//DTD XHTML 1.0 Transitional//EN"
    "http://www.w3.org/TR/xhtml1/DTD/xhtml1-transitional.dtd">
<html xmlns="http://www.w3.org/1999/xhtml" xml:lang="en" lang="en">
 <head>
  <title>
</title>
<meta http-equiv="Content-Type" content="text/html;charset=utf-8" />
  <meta name='ocr-system' content='tesseract 3.04.00' />
  <meta name='ocr-capabilities' content='ocr_page ocr_carea ocr_par ocr_line ocrx_word'/>
</head>
<body>
  <div class='ocr_page' id='page_1' title='image "./povidiinasonisc00mlgoog_0141.png"; bbox 0 0 2375 3575; ppageno 0'>
   <div class='ocr_carea' id='block_1_1' title="bbox 549 472 987 529">
    <p class='ocr_par' dir='ltr' id='par_1_1' title="bbox 549 472 987 529">
     <span class='ocr_line' id='line_1_1' title="bbox 549 472 987 529; baseline -0.014 0"><span class='ocrx_word' id='word_1_1' title='bbox 549 496 658 529; x_wconf 64' lang='lat' dir='ltr'><strong>tironus.</strong></span> <span class='ocrx_word' id='word_1_2' title='bbox 942 472 987 523; x_wconf 88' lang='grc'><strong>133</strong></span> 
     </span>
    </p>
   </div>
   <div class='ocr_carea' id='block_1_2' title="bbox 179 624 1067 2989">
    <p class='ocr_par' dir='ltr' id='par_1_2' title="bbox 179 624 1067 2989">
     <span class='ocr_line' id='line_1_2' title="bbox 217 624 889 693; baseline -0.003 -14"><span class='ocrx_word' id='word_1_3' title='bbox 217 628 286 679; x_wconf 82' lang='lat' dir='ltr'><strong>Cum</strong></span> <span class='ocrx_word' id='word_1_4' title='bbox 305 625 398 691; x_wconf 80' lang='lat' dir='ltr'><strong>uoluit,</strong></span> <span class='ocrx_word' id='word_1_5' title='bbox 417 629 476 678; x_wconf 91' lang='lat' dir='ltr'><strong>toto</strong></span> <span class='ocrx_word' id='word_1_6' title='bbox 494 624 677 693; x_wconf 80' lang='lat' dir='ltr'><strong>glomerantur</strong></span> <span class='ocrx_word' id='word_1_7' title='bbox 697 625 788 679; x_wconf 91' lang='lat' dir='ltr'><strong>nubila</strong></span> <span class='ocrx_word' id='word_1_8' title='bbox 806 624 889 678; x_wconf 88' lang='lat' dir='ltr'><strong>caelo.</strong></span> 
     </span>
     <span class='ocr_line' id='line_1_3' title="bbox 179 708 842 778; baseline -0.006 -12"><span class='ocrx_word' id='word_1_9' title='bbox 179 731 203 766; x_wconf 85' lang='lat' dir='ltr'><strong>ro</strong></span> <span class='ocrx_word' id='word_1_10' title='bbox 254 711 321 765; x_wconf 82' lang='lat' dir='ltr'><strong>Cum</strong></span> <span class='ocrx_word' id='word_1_11' title='bbox 341 710 439 775; x_wconf 88' lang='lat' dir='ltr'><strong>uoluit,</strong></span> <span class='ocrx_word' id='word_1_12' title='bbox 457 726 525 778; x_wconf 88' lang='lat' dir='ltr'><strong>puro</strong></span> <span class='ocrx_word' id='word_1_13' title='bbox 543 708 630 777; x_wconf 87' lang='lat' dir='ltr'><strong>fulget</strong></span> <span class='ocrx_word' id='word_1_14' title='bbox 648 710 675 763; x_wconf 92' lang='lat' dir='ltr'><strong>in</strong></span> <span class='ocrx_word' id='word_1_15' title='bbox 694 709 842 765; x_wconf 81' lang='lat' dir='ltr'><strong>orbe&#39;dics.</strong></span> 
     </span>
     <span class='ocr_line' id='line_1_4' title="bbox 218 794 902 864; baseline -0.003 -15"><span class='ocrx_word' id='word_1_16' title='bbox 218 795 364 863; x_wconf 78' lang='lat' dir='ltr'>Sanguine,</span> <span class='ocrx_word' id='word_1_17' title='bbox 383 795 463 864; x_wconf 87' lang='lat' dir='ltr'><strong>siqua</strong></span> <span class='ocrx_word' id='word_1_18' title='bbox 480 794 555 859; x_wconf 87' lang='lat' dir='ltr'>fides,</span> <span class='ocrx_word' id='word_1_19' title='bbox 575 794 713 849; x_wconf 80' lang='lat' dir='ltr'>stellantia</span> <span class='ocrx_word' id='word_1_20' title='bbox 731 795 821 849; x_wconf 86' lang='lat' dir='ltr'><strong>sidera</strong></span> <span class='ocrx_word' id='word_1_21' title='bbox 840 794 902 848; x_wconf 85' lang='lat' dir='ltr'><strong>uidi.</strong></span> 
     </span>
     <span class='ocr_line' id='line_1_5' title="bbox 252 879 868 949; baseline -0.002 -15"><span class='ocrx_word' id='word_1_22' title='bbox 252 880 408 949; x_wconf 88' lang='lat' dir='ltr'><strong>Purpureus</strong></span> <span class='ocrx_word' id='word_1_23' title='bbox 426 879 520 933; x_wconf 87' lang='lat' dir='ltr'><strong>Lunae</strong></span> <span class='ocrx_word' id='word_1_24' title='bbox 539 881 674 948; x_wconf 85' lang='lat' dir='ltr'><strong>sanguine</strong></span> <span class='ocrx_word' id='word_1_25' title='bbox 693 879 784 933; x_wconf 89' lang='lat' dir='ltr'><strong>uultus</strong></span> <span class='ocrx_word' id='word_1_26' title='bbox 803 884 868 933; x_wconf 88' lang='lat' dir='ltr'><strong>erat.</strong></span> 
     </span>
     <span class='ocr_line' id='line_1_6' title="bbox 218 963 983 1033; baseline -0.004 -14"><span class='ocrx_word' id='word_1_27' title='bbox 218 965 297 1019; x_wconf 87' lang='lat' dir='ltr'><strong>Hauc</strong></span> <span class='ocrx_word' id='word_1_28' title='bbox 315 980 366 1033; x_wconf 87' lang='lat' dir='ltr'><strong>ego</strong></span> <span class='ocrx_word' id='word_1_29' title='bbox 384 968 531 1019; x_wconf 86' lang='lat' dir='ltr'><strong>nocturnas</strong></span> <span class='ocrx_word' id='word_1_30' title='bbox 549 981 656 1019; x_wconf 87' lang='lat' dir='ltr'><strong>uersam</strong></span> <span class='ocrx_word' id='word_1_31' title='bbox 677 964 790 1018; x_wconf 90' lang='lat' dir='ltr'><strong>uolitare</strong></span> <span class='ocrx_word' id='word_1_32' title='bbox 808 980 856 1033; x_wconf 88' lang='lat' dir='ltr'><strong>per</strong></span> <span class='ocrx_word' id='word_1_33' title='bbox 874 963 983 1017; x_wconf 84' lang='lat' dir='ltr'><strong>umbras</strong></span> 
     </span>
     <span class='ocr_line' id='line_1_7' title="bbox 253 1048 827 1119; baseline -0.003 -16"><span class='ocrx_word' id='word_1_34' title='bbox 253 1050 383 1119; x_wconf 82' lang='lat' dir='ltr'><strong>Suspicor</strong></span> <span class='ocrx_word' id='word_1_35' title='bbox 401 1053 429 1102; x_wconf 91' lang='lat' dir='ltr'><strong>et</strong></span> <span class='ocrx_word' id='word_1_36' title='bbox 445 1048 539 1119; x_wconf 90' lang='lat' dir='ltr'><strong>pluma</strong></span> <span class='ocrx_word' id='word_1_37' title='bbox 557 1066 656 1119; x_wconf 87' lang='lat' dir='ltr'><strong>corpus</strong></span> <span class='ocrx_word' id='word_1_38' title='bbox 674 1049 745 1103; x_wconf 88' lang='lat' dir='ltr'><strong>anile</strong></span> <span class='ocrx_word' id='word_1_39' title='bbox 763 1049 827 1118; x_wconf 86' lang='lat' dir='ltr'><strong>tegi.</strong></span> 
     </span>
     <span class='ocr_line' id='line_1_8' title="bbox 184 1132 1004 1204; baseline -0.005 -15"><span class='ocrx_word' id='word_1_40' title='bbox 184 1154 206 1189; x_wconf 73' lang='lat' dir='ltr'><strong>rs</strong></span> <span class='ocrx_word' id='word_1_41' title='bbox 221 1134 359 1204; x_wconf 82' lang='lat' dir='ltr'><strong>Suspicor,</strong></span> <span class='ocrx_word' id='word_1_42' title='bbox 379 1137 407 1188; x_wconf 92' lang='lat' dir='ltr'><strong>et</strong></span> <span class='ocrx_word' id='word_1_43' title='bbox 424 1135 531 1188; x_wconf 88' lang='lat' dir='ltr'><strong>laurast.</strong></span> <span class='ocrx_word' id='word_1_44' title='bbox 550 1134 638 1190; x_wconf 89' lang='lat' dir='ltr'><strong>oculis</strong></span> <span class='ocrx_word' id='word_1_45' title='bbox 657 1150 765 1203; x_wconf 89' lang='lat' dir='ltr'><strong>quoque</strong></span> <span class='ocrx_word' id='word_1_46' title='bbox 783 1132 888 1203; x_wconf 91' lang='lat' dir='ltr'><strong>pupula</strong></span> <span class='ocrx_word' id='word_1_47' title='bbox 906 1132 1004 1201; x_wconf 81' lang='lat' dir='ltr'><strong>duplex</strong></span> 
     </span>
     <span class='ocr_line' id='line_1_9' title="bbox 254 1219 921 1287; baseline -0.003 -14"><span class='ocrx_word' id='word_1_48' title='bbox 254 1219 398 1284; x_wconf 74' lang='lat' dir='ltr'><strong>Fulminat</strong></span> <span class='ocrx_word' id='word_1_49' title='bbox 418 1224 446 1273; x_wconf 91' lang='lat' dir='ltr'><strong>et</strong></span> <span class='ocrx_word' id='word_1_50' title='bbox 462 1220 570 1287; x_wconf 85' lang='lat' dir='ltr'><strong>gemino</strong></span> <span class='ocrx_word' id='word_1_51' title='bbox 588 1219 678 1273; x_wconf 88' lang='lat' dir='ltr'><strong>lumen</strong></span> <span class='ocrx_word' id='word_1_52' title='bbox 698 1220 732 1273; x_wconf 87' lang='lat' dir='ltr'><strong>ab</strong></span> <span class='ocrx_word' id='word_1_53' title='bbox 750 1219 814 1272; x_wconf 84' lang='lat' dir='ltr'><strong>orbe</strong></span> <span class='ocrx_word' id='word_1_54' title='bbox 826 1219 921 1272; x_wconf 88' lang='lat' dir='ltr'><strong>micat.</strong></span> 
     </span>
     <span class='ocr_line' id='line_1_10' title="bbox 220 1302 955 1373; baseline -0.004 -14"><span class='ocrx_word' id='word_1_55' title='bbox 220 1306 328 1360; x_wconf 84' lang='lat' dir='ltr'><strong>Euocat</strong></span> <span class='ocrx_word' id='word_1_56' title='bbox 346 1304 466 1373; x_wconf 88' lang='lat' dir='ltr'><strong>antiquis</strong></span> <span class='ocrx_word' id='word_1_57' title='bbox 484 1320 603 1373; x_wconf 87' lang='lat' dir='ltr'><strong>proauos</strong></span> <span class='ocrx_word' id='word_1_58' title='bbox 622 1310 773 1373; x_wconf 88' lang='lat' dir='ltr'><strong>atauosque</strong></span> <span class='ocrx_word' id='word_1_59' title='bbox 792 1302 955 1372; x_wconf 72' lang='lat' dir='ltr'><strong>sepulclrriS,</strong></span> 
     </span>
     <span class='ocr_line' id='line_1_11' title="bbox 254 1388 892 1457; baseline -0.006 -13"><span class='ocrx_word' id='word_1_60' title='bbox 254 1390 291 1444; x_wconf 89' lang='lat' dir='ltr'><strong>Et</strong></span> <span class='ocrx_word' id='word_1_61' title='bbox 309 1390 424 1444; x_wconf 90' lang='lat' dir='ltr'><strong>solidam</strong></span> <span class='ocrx_word' id='word_1_62' title='bbox 442 1389 523 1457; x_wconf 86' lang='lat' dir='ltr'><strong>longo</strong></span> <span class='ocrx_word' id='word_1_63' title='bbox 542 1389 660 1442; x_wconf 83' lang='lat' dir='ltr'>carmine</span> <span class='ocrx_word' id='word_1_64' title='bbox 678 1388 756 1441; x_wconf 88' lang='lat' dir='ltr'>findit</span> <span class='ocrx_word' id='word_1_65' title='bbox 774 1388 892 1441; x_wconf 91' lang='lat' dir='ltr'><strong>humum.</strong></span> 
     </span>
     <span class='ocr_line' id='line_1_12' title="bbox 221 1472 973 1543; baseline -0.005 -13"><span class='ocrx_word' id='word_1_66' title='bbox 221 1478 298 1530; x_wconf 87' lang='lat' dir='ltr'><strong>Haec</strong></span> <span class='ocrx_word' id='word_1_67' title='bbox 316 1475 368 1530; x_wconf 87' lang='lat' dir='ltr'><strong>sibi</strong></span> <span class='ocrx_word' id='word_1_68' title='bbox 386 1475 529 1543; x_wconf 90' lang='lat' dir='ltr'><strong>proposuit</strong></span> <span class='ocrx_word' id='word_1_69' title='bbox 546 1473 681 1527; x_wconf 83' lang='lat' dir='ltr'><strong>thalamos</strong></span> <span class='ocrx_word' id='word_1_70' title='bbox 700 1477 832 1527; x_wconf 86' lang='lat' dir='ltr'><strong>temerare</strong></span> <span class='ocrx_word' id='word_1_71' title='bbox 850 1472 973 1542; x_wconf 82' lang='lat' dir='ltr'><strong>pudicos.</strong></span> 
     </span>
     <span class='ocr_line' id='line_1_13' title="bbox 181 1558 888 1629; baseline -0.014 -9"><span class='ocrx_word' id='word_1_72' title='bbox 181 1581 206 1619; x_wconf 77' lang='lat' dir='ltr'><strong>a·</strong></span> <span class='ocrx_word' id='word_1_73' title='bbox 255 1562 310 1615; x_wconf 90' lang='lat' dir='ltr'><strong>Nec</strong></span> <span class='ocrx_word' id='word_1_74' title='bbox 327 1563 418 1613; x_wconf 89' lang='lat' dir='ltr'><strong>tamen</strong></span> <span class='ocrx_word' id='word_1_75' title='bbox 438 1558 545 1629; x_wconf 87' lang='lat' dir='ltr'><strong>eloquio</strong></span> <span class='ocrx_word' id='word_1_76' title='bbox 562 1559 656 1626; x_wconf 87' lang='lat' dir='ltr'><strong>lingua</strong></span> <span class='ocrx_word' id='word_1_77' title='bbox 675 1562 789 1612; x_wconf 84' lang='lat' dir='ltr'>nocente</span> <span class='ocrx_word' id='word_1_78' title='bbox 807 1562 888 1611; x_wconf 86' lang='lat' dir='ltr'><strong>caret.</strong></span> 
     </span>
     <span class='ocr_line' id='line_1_14' title="bbox 220 1643 916 1700; baseline -0.006 -1"><span class='ocrx_word' id='word_1_79' title='bbox 220 1647 289 1700; x_wconf 88' lang='lat' dir='ltr'><strong>Fors</strong></span> <span class='ocrx_word' id='word_1_80' title='bbox 308 1661 350 1698; x_wconf 93' lang='lat' dir='ltr'><strong>me</strong></span> <span class='ocrx_word' id='word_1_81' title='bbox 369 1644 486 1699; x_wconf 89' lang='lat' dir='ltr'><strong>sermoni</strong></span> <span class='ocrx_word' id='word_1_82' title='bbox 504 1647 602 1698; x_wconf 91' lang='lat' dir='ltr'><strong>testem</strong></span> <span class='ocrx_word' id='word_1_83' title='bbox 623 1643 705 1698; x_wconf 86' lang='lat' dir='ltr'><strong>dedit.</strong></span> <span class='ocrx_word' id='word_1_84' title='bbox 723 1643 770 1697; x_wconf 91' lang='lat' dir='ltr'><strong>illa</strong></span> <span class='ocrx_word' id='word_1_85' title='bbox 787 1643 916 1697; x_wconf 89' lang='lat' dir='ltr'><strong>mouebat</strong></span> 
     </span>
     <span class='ocr_line' id='line_1_15' title="bbox 255 1727 888 1799; baseline -0.005 -16"><span class='ocrx_word' id='word_1_86' title='bbox 255 1729 333 1784; x_wconf 85' lang='lat' dir='ltr'><strong>Talia</strong></span> <span class='ocrx_word' id='word_1_87' title='bbox 352 1762 381 1767; x_wconf 98' lang='lat'><em>-</em></span> <span class='ocrx_word' id='word_1_88' title='bbox 403 1746 445 1783; x_wconf 90' lang='lat' dir='ltr'><strong>me</strong></span> <span class='ocrx_word' id='word_1_89' title='bbox 464 1730 586 1799; x_wconf 81' lang='lat' dir='ltr'><strong>duplices</strong></span> <span class='ocrx_word' id='word_1_90' title='bbox 605 1728 747 1782; x_wconf 86' lang='lat' dir='ltr'><strong>occuluere</strong></span> <span class='ocrx_word' id='word_1_91' title='bbox 766 1727 838 1781; x_wconf 85' lang='lat' dir='ltr'><strong>fores</strong></span> <span class='ocrx_word' id='word_1_92' title='bbox 857 1758 888 1765; x_wconf 99' lang='lat'>—</span> 
     </span>
     <span class='ocr_line' id='line_1_16' title="bbox 221 1808 1067 1883; baseline -0.007 -13"><span class='ocrx_word' id='word_1_93' title='bbox 221 1817 291 1872; x_wconf 76' lang='lat' dir='ltr'><strong>‘Scis</strong></span> <span class='ocrx_word' id='word_1_94' title='bbox 310 1815 373 1869; x_wconf 92' lang='lat' dir='ltr'><strong>here</strong></span> <span class='ocrx_word' id='word_1_95' title='bbox 392 1821 427 1881; x_wconf 90' lang='lat' dir='ltr'><strong>te,</strong></span> <span class='ocrx_word' id='word_1_96' title='bbox 445 1832 507 1868; x_wconf 90' lang='lat' dir='ltr'><strong>mea</strong></span> <span class='ocrx_word' id='word_1_97' title='bbox 524 1815 577 1878; x_wconf 82' lang='lat' dir='ltr'><strong>lux,</strong></span> <span class='ocrx_word' id='word_1_98' title='bbox 596 1815 688 1868; x_wconf 89' lang='lat' dir='ltr'><strong>iuueni</strong></span> <span class='ocrx_word' id='word_1_99' title='bbox 707 1813 844 1883; x_wconf 83' lang='lat' dir='ltr'><strong>placuisse</strong></span> <span class='ocrx_word' id='word_1_100' title='bbox 865 1813 961 1867; x_wconf 79' lang='lat' dir='ltr'><strong>lieatol</strong></span> <span class='ocrx_word' id='word_1_101' title='bbox 1065 1808 1067 1813; x_wconf 81' lang='grc'><strong>’</strong></span> 
     </span>
     <span class='ocr_line' id='line_1_17' title="bbox 256 1899 866 1967; baseline -0.005 -13"><span class='ocrx_word' id='word_1_102' title='bbox 256 1901 360 1954; x_wconf 86' lang='lat' dir='ltr'><strong>Haesit.</strong></span> <span class='ocrx_word' id='word_1_103' title='bbox 382 1905 409 1953; x_wconf 89' lang='lat' dir='ltr'><strong>et</strong></span> <span class='ocrx_word' id='word_1_104' title='bbox 426 1901 452 1953; x_wconf 94' lang='lat' dir='ltr'><strong>in</strong></span> <span class='ocrx_word' id='word_1_105' title='bbox 472 1899 547 1954; x_wconf 91' lang='lat' dir='ltr'><strong>uoltu</strong></span> <span class='ocrx_word' id='word_1_106' title='bbox 566 1900 689 1953; x_wconf 85' lang='lat' dir='ltr'><strong>constitit</strong></span> <span class='ocrx_word' id='word_1_107' title='bbox 707 1915 793 1967; x_wconf 88' lang='lat' dir='ltr'><strong>usque</strong></span> <span class='ocrx_word' id='word_1_108' title='bbox 811 1902 866 1952; x_wconf 92' lang='lat' dir='ltr'><strong>tuo.</strong></span> 
     </span>
     <span class='ocr_line' id='line_1_18' title="bbox 180 1983 969 2053; baseline -0.01 -11"><span class='ocrx_word' id='word_1_109' title='bbox 180 2007 206 2044; x_wconf 72' lang='lat' dir='ltr'><strong>nt·</strong></span> <span class='ocrx_word' id='word_1_110' title='bbox 223 1987 258 2041; x_wconf 76' lang='lat' dir='ltr'><strong>ut</strong></span> <span class='ocrx_word' id='word_1_111' title='bbox 276 2002 324 2039; x_wconf 88' lang='lat' dir='ltr'><strong>cur</strong></span> <span class='ocrx_word' id='word_1_112' title='bbox 342 2002 395 2038; x_wconf 91' lang='lat' dir='ltr'><strong>uon</strong></span> <span class='ocrx_word' id='word_1_113' title='bbox 413 1984 540 2053; x_wconf 80' lang='lat' dir='ltr'><strong>placeas?</strong></span> <span class='ocrx_word' id='word_1_114' title='bbox 559 1984 624 2038; x_wconf 90' lang='lat' dir='ltr'><strong>nulli</strong></span> <span class='ocrx_word' id='word_1_115' title='bbox 642 1988 691 2038; x_wconf 88' lang='lat' dir='ltr'><strong>tua</strong></span> <span class='ocrx_word' id='word_1_116' title='bbox 709 1985 797 2037; x_wconf 79' lang='lat' dir='ltr'><strong>forma</strong></span> <span class='ocrx_word' id='word_1_117' title='bbox 815 1983 969 2037; x_wconf 75' lang='lat' dir='ltr'><strong>secundam.</strong></span> 
     </span>
     <span class='ocr_line' id='line_1_19' title="bbox 256 2067 923 2139; baseline -0.006 -15"><span class='ocrx_word' id='word_1_118' title='bbox 256 2071 299 2124; x_wconf 83' lang='lat' dir='ltr'><strong>lle</strong></span> <span class='ocrx_word' id='word_1_119' title='bbox 318 2071 456 2134; x_wconf 86' lang='lat' dir='ltr'><strong>miseram,</strong></span> <span class='ocrx_word' id='word_1_120' title='bbox 476 2070 575 2138; x_wconf 84' lang='lat' dir='ltr'><strong>dignus</strong></span> <span class='ocrx_word' id='word_1_121' title='bbox 594 2085 710 2139; x_wconf 87' lang='lat' dir='ltr'><strong>corpore</strong></span> <span class='ocrx_word' id='word_1_122' title='bbox 726 2068 814 2122; x_wconf 88' lang='lat' dir='ltr'><strong>cultus</strong></span> <span class='ocrx_word' id='word_1_123' title='bbox 833 2067 923 2122; x_wconf 82' lang='lat' dir='ltr'><strong>abest!</strong></span> 
     </span>
     <span class='ocr_line' id='line_1_20' title="bbox 224 2153 911 2224; baseline -0.006 -15"><span class='ocrx_word' id='word_1_124' title='bbox 224 2158 292 2210; x_wconf 83' lang='lat' dir='ltr'><strong>&#39;lam</strong></span> <span class='ocrx_word' id='word_1_125' title='bbox 312 2155 375 2209; x_wconf 84' lang='lat' dir='ltr'><strong>lelix</strong></span> <span class='ocrx_word' id='word_1_126' title='bbox 398 2171 474 2209; x_wconf 89' lang='lat' dir='ltr'><strong>esses</strong></span> <span class='ocrx_word' id='word_1_127' title='bbox 493 2171 574 2224; x_wconf 88' lang='lat' dir='ltr'><strong>quam</strong></span> <span class='ocrx_word' id='word_1_128' title='bbox 593 2154 790 2208; x_wconf 81' lang='lat' dir='ltr'><strong>formosissima</strong></span> <span class='ocrx_word' id='word_1_129' title='bbox 808 2153 911 2206; x_wconf 89' lang='lat' dir='ltr'><strong>uellem.</strong></span> 
     </span>
     <span class='ocr_line' id='line_1_21' title="bbox 257 2239 822 2309; baseline -0.005 -15"><span class='ocrx_word' id='word_1_130' title='bbox 257 2241 316 2294; x_wconf 87' lang='lat' dir='ltr'><strong>Non</strong></span> <span class='ocrx_word' id='word_1_131' title='bbox 336 2256 387 2309; x_wconf 83' lang='lat' dir='ltr'><strong>ego</strong></span> <span class='ocrx_word' id='word_1_132' title='bbox 404 2244 432 2294; x_wconf 90' lang='lat' dir='ltr'><strong>te</strong></span> <span class='ocrx_word' id='word_1_133' title='bbox 450 2239 525 2293; x_wconf 85' lang='lat' dir='ltr'><strong>facta</strong></span> <span class='ocrx_word' id='word_1_134' title='bbox 543 2239 627 2292; x_wconf 89' lang='lat' dir='ltr'><strong>diuite</strong></span> <span class='ocrx_word' id='word_1_135' title='bbox 645 2254 750 2308; x_wconf 84' lang='lat' dir='ltr'><strong>pauper</strong></span> <span class='ocrx_word' id='word_1_136' title='bbox 768 2254 822 2292; x_wconf 91' lang='lat' dir='ltr'><strong>ero.</strong></span> 
     </span>
     <span class='ocr_line' id='line_1_22' title="bbox 220 2323 895 2395; baseline -0.009 -13"><span class='ocrx_word' id='word_1_137' title='bbox 220 2326 309 2382; x_wconf 87' lang='lat' dir='ltr'><strong>Stella</strong></span> <span class='ocrx_word' id='word_1_138' title='bbox 326 2326 375 2380; x_wconf 91' lang='lat' dir='ltr'><strong>tibi</strong></span> <span class='ocrx_word' id='word_1_139' title='bbox 393 2325 512 2395; x_wconf 90' lang='lat' dir='ltr'><strong>oppositi</strong></span> <span class='ocrx_word' id='word_1_140' title='bbox 530 2325 624 2380; x_wconf 89' lang='lat' dir='ltr'><strong>nocuit</strong></span> <span class='ocrx_word' id='word_1_141' title='bbox 642 2323 778 2377; x_wconf 88' lang='lat' dir='ltr'><strong>contraria</strong></span> <span class='ocrx_word' id='word_1_142' title='bbox 796 2323 895 2377; x_wconf 86' lang='lat' dir='ltr'><strong>Martis.</strong></span> 
     </span>
     <span class='ocr_line' id='line_1_23' title="bbox 180 2409 879 2479; baseline -0.007 -14"><span class='ocrx_word' id='word_1_143' title='bbox 180 2409 879 2479; x_wconf 53' lang='lat' dir='ltr'><strong>mmmfflmmmm</strong></span> 
     </span>
     <span class='ocr_line' id='line_1_24' title="bbox 221 2495 1019 2563; baseline -0.01 -11"><span class='ocrx_word' id='word_1_144' title='bbox 221 2496 314 2552; x_wconf 90' lang='lat' dir='ltr'><strong>Prosit</strong></span> <span class='ocrx_word' id='word_1_145' title='bbox 332 2500 363 2550; x_wconf 94' lang='lat' dir='ltr'><strong>ut</strong></span> <span class='ocrx_word' id='word_1_146' title='bbox 380 2495 530 2549; x_wconf 85' lang='lat' dir='ltr'><strong>adueniens</strong></span> <span class='ocrx_word' id='word_1_147' title='bbox 554 2526 579 2533; x_wconf 95' lang='lat'><em>-</em></span> <span class='ocrx_word' id='word_1_148' title='bbox 600 2511 633 2549; x_wconf 89' lang='lat' dir='ltr'><strong>eo</strong></span> <span class='ocrx_word' id='word_1_149' title='bbox 653 2495 745 2563; x_wconf 87' lang='lat' dir='ltr'><strong>aspice</strong></span> <span class='ocrx_word' id='word_1_150' title='bbox 766 2527 794 2532; x_wconf 93' lang='lat'><strong>—</strong></span> <span class='ocrx_word' id='word_1_151' title='bbox 816 2495 893 2548; x_wconf 88' lang='lat' dir='ltr'><strong>diues</strong></span> <span class='ocrx_word' id='word_1_152' title='bbox 912 2497 1019 2545; x_wconf 88' lang='lat' dir='ltr'><strong>amator</strong></span> 
     </span>
     <span class='ocr_line' id='line_1_25' title="bbox 256 2579 872 2650; baseline -0.008 -14"><span class='ocrx_word' id='word_1_153' title='bbox 256 2582 296 2636; x_wconf 86' lang='lat' dir='ltr'><strong>Te</strong></span> <span class='ocrx_word' id='word_1_154' title='bbox 314 2583 405 2650; x_wconf 90' lang='lat' dir='ltr'><strong>cupiit.</strong></span> <span class='ocrx_word' id='word_1_155' title='bbox 425 2596 513 2642; x_wconf 87' lang='lat' dir='ltr'><strong>curae,</strong></span> <span class='ocrx_word' id='word_1_156' title='bbox 532 2579 598 2649; x_wconf 89' lang='lat' dir='ltr'><strong>quid</strong></span> <span class='ocrx_word' id='word_1_157' title='bbox 616 2580 664 2634; x_wconf 90' lang='lat' dir='ltr'><strong>tibi</strong></span> <span class='ocrx_word' id='word_1_158' title='bbox 683 2580 760 2633; x_wconf 85' lang='lat' dir='ltr'><strong>desit.</strong></span> <span class='ocrx_word' id='word_1_159' title='bbox 781 2579 872 2634; x_wconf 89' lang='lat' dir='ltr'><strong>habet.</strong></span> 
     </span>
     <span class='ocr_line' id='line_1_26' title="bbox 222 2663 912 2735; baseline -0.007 -14"><span class='ocrx_word' id='word_1_160' title='bbox 222 2667 274 2721; x_wconf 82' lang='lat' dir='ltr'><strong>Est</strong></span> <span class='ocrx_word' id='word_1_161' title='bbox 293 2666 374 2720; x_wconf 85' lang='lat' dir='ltr'><strong>etiam</strong></span> <span class='ocrx_word' id='word_1_162' title='bbox 392 2665 485 2731; x_wconf 87' lang='lat' dir='ltr'><strong>facies,</strong></span> <span class='ocrx_word' id='word_1_163' title='bbox 505 2681 575 2735; x_wconf 88' lang='lat' dir='ltr'><strong>quae</strong></span> <span class='ocrx_word' id='word_1_164' title='bbox 593 2681 624 2718; x_wconf 91' lang='lat' dir='ltr'><strong>se</strong></span> <span class='ocrx_word' id='word_1_165' title='bbox 641 2665 690 2718; x_wconf 86' lang='lat' dir='ltr'><strong>tibi</strong></span> <span class='ocrx_word' id='word_1_166' title='bbox 709 2667 848 2732; x_wconf 88' lang='lat' dir='ltr'><strong>conparet,</strong></span> <span class='ocrx_word' id='word_1_167' title='bbox 867 2663 912 2716; x_wconf 87' lang='lat' dir='ltr'><strong>illi.</strong></span> 
     </span>
     <span class='ocr_line' id='line_1_27' title="bbox 258 2749 897 2819; baseline -0.009 -14"><span class='ocrx_word' id='word_1_168' title='bbox 258 2751 335 2807; x_wconf 82' lang='lat' dir='ltr'><strong>site</strong></span> <span class='ocrx_word' id='word_1_169' title='bbox 354 2768 405 2804; x_wconf 93' lang='lat' dir='ltr'><strong>nou</strong></span> <span class='ocrx_word' id='word_1_170' title='bbox 425 2754 543 2819; x_wconf 89' lang='lat' dir='ltr'><strong>emptam</strong></span> <span class='ocrx_word' id='word_1_171' title='bbox 563 2749 653 2814; x_wconf 86' lang='lat' dir='ltr'><strong>uellet,</strong></span> <span class='ocrx_word' id='word_1_172' title='bbox 672 2750 803 2803; x_wconf 83' lang='lat' dir='ltr'><strong>emendus</strong></span> <span class='ocrx_word' id='word_1_173' title='bbox 823 2749 897 2802; x_wconf 83' lang='lat' dir='ltr'><strong>erat’</strong></span> 
     </span>
     <span class='ocr_line' id='line_1_28' title="bbox 185 2831 998 2904; baseline -0.007 -15"><span class='ocrx_word' id='word_1_174' title='bbox 185 2855 212 2889; x_wconf 77' lang='lat' dir='ltr'><strong>st.</strong></span> <span class='ocrx_word' id='word_1_175' title='bbox 229 2837 354 2892; x_wconf 81' lang='lat' dir='ltr'><strong>Erubuit.</strong></span> <span class='ocrx_word' id='word_1_176' title='bbox 374 2837 460 2890; x_wconf 85' lang='lat' dir='ltr'><strong>‘decet</strong></span> <span class='ocrx_word' id='word_1_177' title='bbox 478 2835 541 2889; x_wconf 86' lang='lat' dir='ltr'><strong>alba</strong></span> <span class='ocrx_word' id='word_1_178' title='bbox 559 2834 667 2904; x_wconf 87' lang='lat' dir='ltr'><strong>quidem</strong></span> <span class='ocrx_word' id='word_1_179' title='bbox 687 2833 774 2902; x_wconf 88' lang='lat' dir='ltr'><strong>pudor</strong></span> <span class='ocrx_word' id='word_1_180' title='bbox 792 2851 847 2887; x_wconf 90' lang='lat' dir='ltr'><strong>ora.</strong></span> <span class='ocrx_word' id='word_1_181' title='bbox 866 2832 914 2886; x_wconf 92' lang='lat' dir='ltr'><strong>sed</strong></span> <span class='ocrx_word' id='word_1_182' title='bbox 932 2831 998 2896; x_wconf 80' lang='lat' dir='ltr'><strong>isto,</strong></span> 
     </span>
     <span class='ocr_line' id='line_1_29' title="bbox 261 2917 882 2989; baseline -0.013 -11"><span class='ocrx_word' id='word_1_183' title='bbox 261 2923 289 2978; x_wconf 91' lang='lat' dir='ltr'><strong>Si</strong></span> <span class='ocrx_word' id='word_1_184' title='bbox 309 2921 428 2978; x_wconf 89' lang='lat' dir='ltr'><strong>simules.</strong></span> <span class='ocrx_word' id='word_1_185' title='bbox 449 2920 567 2989; x_wconf 89' lang='lat' dir='ltr'><strong>prodest.</strong></span> <span class='ocrx_word' id='word_1_186' title='bbox 590 2936 670 2972; x_wconf 88' lang='lat' dir='ltr'><strong>uerus</strong></span> <span class='ocrx_word' id='word_1_187' title='bbox 689 2918 787 2973; x_wconf 90' lang='lat' dir='ltr'><strong>obesse</strong></span> <span class='ocrx_word' id='word_1_188' title='bbox 805 2917 882 2971; x_wconf 86' lang='lat' dir='ltr'><strong>solet.</strong></span> 
     </span>
    </p>
   </div>
   <div class='ocr_carea' id='block_1_3' title="bbox 0 0 1192 3575">
    <p class='ocr_par' dir='ltr' id='par_1_3' title="bbox 0 0 1192 3575">
     <span class='ocr_line' id='line_1_30' title="bbox 0 0 1192 3575; baseline 0 0"><span class='ocrx_word' id='word_1_189' title='bbox 0 0 1192 3575; x_wconf 95' lang='lat' dir='ltr'><strong> </strong></span> 
     </span>
    </p>
   </div>
  </div>
 </body>
</html>
