<?xml version="1.0" encoding="UTF-8"?>
<!DOCTYPE html PUBLIC "-//W3C//DTD XHTML 1.0 Transitional//EN"
    "http://www.w3.org/TR/xhtml1/DTD/xhtml1-transitional.dtd">
<html xmlns="http://www.w3.org/1999/xhtml" xml:lang="en" lang="en">
 <head>
  <title>
</title>
<meta http-equiv="Content-Type" content="text/html;charset=utf-8" />
  <meta name='ocr-system' content='tesseract 3.04.00' />
  <meta name='ocr-capabilities' content='ocr_page ocr_carea ocr_par ocr_line ocrx_word'/>
</head>
<body>
  <div class='ocr_page' id='page_1' title='image "./povidiinasonisc00mlgoog_0166.png"; bbox 0 0 2375 3575; ppageno 0'>
   <div class='ocr_carea' id='block_1_1' title="bbox 231 453 668 511">
    <p class='ocr_par' dir='ltr' id='par_1_1' title="bbox 231 453 668 511">
     <span class='ocr_line' id='line_1_1' title="bbox 231 453 668 511; baseline 0.011 -5"><span class='ocrx_word' id='word_1_1' title='bbox 231 453 278 507; x_wconf 80' lang='lat'>158</span> <span class='ocrx_word' id='word_1_2' title='bbox 557 470 668 511; x_wconf 69' lang='lat' dir='ltr'>lucane.</span> 
     </span>
    </p>
   </div>
   <div class='ocr_carea' id='block_1_2' title="bbox 189 604 998 2972">
    <p class='ocr_par' dir='ltr' id='par_1_2' title="bbox 191 604 930 840">
     <span class='ocr_line' id='line_1_2' title="bbox 191 604 896 674; baseline -0.003 -15"><span class='ocrx_word' id='word_1_3' title='bbox 191 623 214 660; x_wconf 93' lang='lat' dir='ltr'>1o</span> <span class='ocrx_word' id='word_1_4' title='bbox 261 605 361 673; x_wconf 80' lang='lat' dir='ltr'>Magna</span> <span class='ocrx_word' id='word_1_5' title='bbox 379 605 428 660; x_wconf 91' lang='lat' dir='ltr'>sed</span> <span class='ocrx_word' id='word_1_6' title='bbox 447 604 588 674; x_wconf 83' lang='lat' dir='ltr'>antiquast</span> <span class='ocrx_word' id='word_1_7' title='bbox 606 619 691 659; x_wconf 88' lang='lat' dir='ltr'>causa</span> <span class='ocrx_word' id='word_1_8' title='bbox 708 604 811 659; x_wconf 89' lang='lat' dir='ltr'>doloris</span> <span class='ocrx_word' id='word_1_9' title='bbox 829 604 896 674; x_wconf 85' lang='lat' dir='ltr'>Itys.</span> 
     </span>
     <span class='ocr_line' id='line_1_3' title="bbox 228 689 930 764; baseline 0 -19"><span class='ocrx_word' id='word_1_10' title='bbox 228 691 340 764; x_wconf 84' lang='lat' dir='ltr'>Omnes,</span> <span class='ocrx_word' id='word_1_11' title='bbox 360 706 430 760; x_wconf 91' lang='lat' dir='ltr'>quae</span> <span class='ocrx_word' id='word_1_12' title='bbox 448 689 551 759; x_wconf 89' lang='lat' dir='ltr'>liquido</span> <span class='ocrx_word' id='word_1_13' title='bbox 568 689 674 744; x_wconf 86' lang='lat' dir='ltr'>libratis</span> <span class='ocrx_word' id='word_1_14' title='bbox 692 689 721 743; x_wconf 94' lang='lat' dir='ltr'>in</span> <span class='ocrx_word' id='word_1_15' title='bbox 738 705 801 744; x_wconf 89' lang='lat' dir='ltr'>aere</span> <span class='ocrx_word' id='word_1_16' title='bbox 820 706 930 755; x_wconf 87' lang='lat' dir='ltr'>cursus,</span> 
     </span>
     <span class='ocr_line' id='line_1_4' title="bbox 261 774 909 840; baseline 0.002 -12"><span class='ocrx_word' id='word_1_17' title='bbox 261 774 303 828; x_wconf 87' lang='lat' dir='ltr'>Tu</span> <span class='ocrx_word' id='word_1_18' title='bbox 320 779 413 829; x_wconf 90' lang='lat' dir='ltr'>tamen</span> <span class='ocrx_word' id='word_1_19' title='bbox 431 779 495 829; x_wconf 89' lang='lat' dir='ltr'>ante</span> <span class='ocrx_word' id='word_1_20' title='bbox 513 774 594 839; x_wconf 79' lang='lat' dir='ltr'>alios,</span> <span class='ocrx_word' id='word_1_21' title='bbox 612 779 702 828; x_wconf 79' lang='lat' dir='ltr'>turtur</span> <span class='ocrx_word' id='word_1_22' title='bbox 719 775 819 840; x_wconf 91' lang='lat' dir='ltr'>amice,</span> <span class='ocrx_word' id='word_1_23' title='bbox 838 774 909 829; x_wconf 88' lang='lat' dir='ltr'>dole.</span> 
     </span>
    </p>

    <p class='ocr_par' dir='ltr' id='par_1_3' title="bbox 189 859 998 2374">
     <span class='ocr_line' id='line_1_5' title="bbox 227 859 817 925; baseline 0 -12"><span class='ocrx_word' id='word_1_24' title='bbox 227 860 311 915; x_wconf 92' lang='lat' dir='ltr'>Plena</span> <span class='ocrx_word' id='word_1_25' title='bbox 328 860 380 913; x_wconf 80' lang='lat' dir='ltr'>fuit</span> <span class='ocrx_word' id='word_1_26' title='bbox 397 860 476 914; x_wconf 91' lang='lat' dir='ltr'>uobis</span> <span class='ocrx_word' id='word_1_27' title='bbox 494 860 567 913; x_wconf 93' lang='lat' dir='ltr'>omni</span> <span class='ocrx_word' id='word_1_28' title='bbox 585 859 732 914; x_wconf 88' lang='lat' dir='ltr'>concordia</span> <span class='ocrx_word' id='word_1_29' title='bbox 749 859 817 925; x_wconf 79' lang='lat' dir='ltr'>vita,</span> 
     </span>
     <span class='ocr_line' id='line_1_6' title="bbox 261 944 895 1014; baseline 0 -15"><span class='ocrx_word' id='word_1_30' title='bbox 261 944 297 999; x_wconf 84' lang='lat' dir='ltr'>Et</span> <span class='ocrx_word' id='word_1_31' title='bbox 312 944 391 999; x_wconf 79' lang='lat' dir='ltr'>&#39;stetit</span> <span class='ocrx_word' id='word_1_32' title='bbox 408 944 444 999; x_wconf 89' lang='lat' dir='ltr'>ad</span> <span class='ocrx_word' id='word_1_33' title='bbox 461 945 544 999; x_wconf 90' lang='lat' dir='ltr'>finem</span> <span class='ocrx_word' id='word_1_34' title='bbox 560 944 644 1013; x_wconf 84' lang='lat' dir='ltr'>longa</span> <span class='ocrx_word' id='word_1_35' title='bbox 661 948 799 1014; x_wconf 82' lang='lat' dir='ltr'>tenaxque</span> <span class='ocrx_word' id='word_1_36' title='bbox 817 945 895 999; x_wconf 91' lang='lat' dir='ltr'>fides.</span> 
     </span>
     <span class='ocr_line' id='line_1_7' title="bbox 191 1029 936 1098; baseline 0.004 -16"><span class='ocrx_word' id='word_1_37' title='bbox 191 1045 214 1085; x_wconf 83' lang='lat'>15</span> <span class='ocrx_word' id='word_1_38' title='bbox 228 1029 307 1097; x_wconf 80' lang='lat' dir='ltr'>Quod</span> <span class='ocrx_word' id='word_1_39' title='bbox 325 1030 377 1083; x_wconf 80' lang='lat' dir='ltr'>fuit</span> <span class='ocrx_word' id='word_1_40' title='bbox 394 1029 521 1098; x_wconf 81' lang='lat' dir='ltr'>Argolico</span> <span class='ocrx_word' id='word_1_41' title='bbox 539 1030 646 1084; x_wconf 85' lang='lat' dir='ltr'>iuuenis</span> <span class='ocrx_word' id='word_1_42' title='bbox 664 1029 789 1084; x_wconf 79' lang='lat' dir='ltr'>Phoceus</span> <span class='ocrx_word' id='word_1_43' title='bbox 808 1030 936 1096; x_wconf 82' lang='lat' dir='ltr'>Orestae,</span> 
     </span>
     <span class='ocr_line' id='line_1_8' title="bbox 260 1114 930 1184; baseline -0.001 -16"><span class='ocrx_word' id='word_1_44' title='bbox 260 1114 321 1170; x_wconf 92' lang='lat' dir='ltr'>Hoc</span> <span class='ocrx_word' id='word_1_45' title='bbox 338 1115 399 1180; x_wconf 89' lang='lat' dir='ltr'>tibi,</span> <span class='ocrx_word' id='word_1_46' title='bbox 419 1114 483 1168; x_wconf 93' lang='lat' dir='ltr'>dum</span> <span class='ocrx_word' id='word_1_47' title='bbox 501 1115 588 1180; x_wconf 90' lang='lat' dir='ltr'>licuit,</span> <span class='ocrx_word' id='word_1_48' title='bbox 608 1115 737 1184; x_wconf 85' lang='lat' dir='ltr'>psittaco,</span> <span class='ocrx_word' id='word_1_49' title='bbox 755 1119 845 1169; x_wconf 83' lang='lat' dir='ltr'>turtur</span> <span class='ocrx_word' id='word_1_50' title='bbox 863 1119 930 1170; x_wconf 89' lang='lat' dir='ltr'>crat.</span> 
     </span>
     <span class='ocr_line' id='line_1_9' title="bbox 228 1199 971 1269; baseline 0.003 -16"><span class='ocrx_word' id='word_1_51' title='bbox 228 1200 299 1266; x_wconf 87' lang='lat' dir='ltr'><strong>Quid</strong></span> <span class='ocrx_word' id='word_1_52' title='bbox 316 1205 408 1254; x_wconf 90' lang='lat' dir='ltr'>tamen</span> <span class='ocrx_word' id='word_1_53' title='bbox 426 1200 481 1253; x_wconf 89' lang='lat' dir='ltr'>ista</span> <span class='ocrx_word' id='word_1_54' title='bbox 498 1199 579 1265; x_wconf 88' lang='lat' dir='ltr'>fidos,</span> <span class='ocrx_word' id='word_1_55' title='bbox 598 1200 664 1269; x_wconf 94' lang='lat' dir='ltr'>quid</span> <span class='ocrx_word' id='word_1_56' title='bbox 680 1200 735 1253; x_wconf 86' lang='lat' dir='ltr'>rari</span> <span class='ocrx_word' id='word_1_57' title='bbox 752 1199 841 1253; x_wconf 85' lang='lat' dir='ltr'>forma</span> <span class='ocrx_word' id='word_1_58' title='bbox 859 1200 971 1267; x_wconf 88' lang='lat' dir='ltr'>coloris,</span> 
     </span>
     <span class='ocr_line' id='line_1_10' title="bbox 262 1284 826 1353; baseline 0.004 -16"><span class='ocrx_word' id='word_1_59' title='bbox 262 1284 333 1351; x_wconf 83' lang='lat' dir='ltr'>Quid</span> <span class='ocrx_word' id='word_1_60' title='bbox 350 1301 405 1338; x_wconf 90' lang='lat' dir='ltr'>uox</span> <span class='ocrx_word' id='word_1_61' title='bbox 422 1284 560 1339; x_wconf 84' lang='lat' dir='ltr'>mutandis</span> <span class='ocrx_word' id='word_1_62' title='bbox 578 1284 721 1353; x_wconf 87' lang='lat' dir='ltr'>ingeniosa</span> <span class='ocrx_word' id='word_1_63' title='bbox 739 1284 826 1351; x_wconf 89' lang='lat' dir='ltr'>sonis,</span> 
     </span>
     <span class='ocr_line' id='line_1_11' title="bbox 228 1369 998 1441; baseline 0.005 -19"><span class='ocrx_word' id='word_1_64' title='bbox 228 1370 299 1437; x_wconf 76' lang='lat' dir='ltr'>Quid</span> <span class='ocrx_word' id='word_1_65' title='bbox 316 1370 404 1435; x_wconf 88' lang='lat' dir='ltr'>iuuat,</span> <span class='ocrx_word' id='word_1_66' title='bbox 428 1374 459 1423; x_wconf 90' lang='lat' dir='ltr'>ut</span> <span class='ocrx_word' id='word_1_67' title='bbox 478 1371 559 1424; x_wconf 90' lang='lat' dir='ltr'>datus</span> <span class='ocrx_word' id='word_1_68' title='bbox 577 1386 620 1432; x_wconf 84' lang='lat' dir='ltr'>es,</span> <span class='ocrx_word' id='word_1_69' title='bbox 640 1374 750 1424; x_wconf 88' lang='lat' dir='ltr'>nostrae</span> <span class='ocrx_word' id='word_1_70' title='bbox 767 1369 906 1439; x_wconf 79' lang='lat' dir='ltr'>placuisse</span> <span class='ocrx_word' id='word_1_71' title='bbox 925 1371 998 1441; x_wconf 89' lang='lat' dir='ltr'>puell</span> 
     </span>
     <span class='ocr_line' id='line_1_12' title="bbox 189 1454 805 1524; baseline 0 -16"><span class='ocrx_word' id='word_1_72' title='bbox 189 1468 215 1508; x_wconf 73' lang='lat' dir='ltr'>‘ro</span> <span class='ocrx_word' id='word_1_73' title='bbox 263 1454 359 1509; x_wconf 82' lang='lat' dir='ltr'>infelix</span> <span class='ocrx_word' id='word_1_74' title='bbox 377 1455 469 1509; x_wconf 89' lang='lat' dir='ltr'>auium</span> <span class='ocrx_word' id='word_1_75' title='bbox 487 1454 587 1523; x_wconf 81' lang='lat' dir='ltr'>gloria,</span> <span class='ocrx_word' id='word_1_76' title='bbox 606 1471 705 1524; x_wconf 86' lang='lat' dir='ltr'>nempe</span> <span class='ocrx_word' id='word_1_77' title='bbox 723 1455 805 1510; x_wconf 86' lang='lat' dir='ltr'>iaces.</span> 
     </span>
     <span class='ocr_line' id='line_1_13' title="bbox 228 1539 965 1609; baseline 0.004 -16"><span class='ocrx_word' id='word_1_78' title='bbox 228 1539 269 1593; x_wconf 90' lang='lat' dir='ltr'>Tu</span> <span class='ocrx_word' id='word_1_79' title='bbox 287 1544 398 1609; x_wconf 86' lang='lat' dir='ltr'>poteras</span> <span class='ocrx_word' id='word_1_80' title='bbox 415 1539 526 1608; x_wconf 85' lang='lat' dir='ltr'>fragiles</span> <span class='ocrx_word' id='word_1_81' title='bbox 545 1540 636 1609; x_wconf 89' lang='lat' dir='ltr'>pinnis</span> <span class='ocrx_word' id='word_1_82' title='bbox 654 1540 784 1595; x_wconf 86' lang='lat' dir='ltr'>hebetare</span> <span class='ocrx_word' id='word_1_83' title='bbox 802 1540 965 1609; x_wconf 82' lang='lat' dir='ltr'>zmaragdos</span> 
     </span>
     <span class='ocr_line' id='line_1_14' title="bbox 262 1623 907 1692; baseline 0.008 -15"><span class='ocrx_word' id='word_1_84' title='bbox 262 1623 360 1678; x_wconf 83' lang='lat' dir='ltr'>Tincta</span> <span class='ocrx_word' id='word_1_85' title='bbox 377 1640 474 1692; x_wconf 84' lang='lat' dir='ltr'>gerens</span> <span class='ocrx_word' id='word_1_86' title='bbox 492 1626 573 1680; x_wconf 90' lang='lat' dir='ltr'>rubro</span> <span class='ocrx_word' id='word_1_87' title='bbox 592 1624 694 1679; x_wconf 86' lang='lat' dir='ltr'>Punica</span> <span class='ocrx_word' id='word_1_88' title='bbox 711 1628 801 1679; x_wconf 89' lang='lat' dir='ltr'>rostra</span> <span class='ocrx_word' id='word_1_89' title='bbox 819 1640 907 1682; x_wconf 94' lang='lat' dir='ltr'>croco.</span> 
     </span>
     <span class='ocr_line' id='line_1_15' title="bbox 228 1709 889 1765; baseline 0 -3"><span class='ocrx_word' id='word_1_90' title='bbox 228 1709 286 1762; x_wconf 93' lang='lat' dir='ltr'>Non</span> <span class='ocrx_word' id='word_1_91' title='bbox 304 1709 357 1763; x_wconf 87' lang='lat' dir='ltr'>fuit</span> <span class='ocrx_word' id='word_1_92' title='bbox 374 1710 403 1764; x_wconf 93' lang='lat' dir='ltr'>in</span> <span class='ocrx_word' id='word_1_93' title='bbox 421 1710 500 1765; x_wconf 89' lang='lat' dir='ltr'>terris</span> <span class='ocrx_word' id='word_1_94' title='bbox 518 1726 617 1764; x_wconf 94' lang='lat' dir='ltr'>uocum</span> <span class='ocrx_word' id='word_1_95' title='bbox 636 1709 806 1763; x_wconf 88' lang='lat' dir='ltr'>simulantior</span> <span class='ocrx_word' id='word_1_96' title='bbox 824 1709 889 1765; x_wconf 87' lang='lat' dir='ltr'>ales.</span> 
     </span>
     <span class='ocr_line' id='line_1_16' title="bbox 261 1794 878 1852; baseline 0.002 -4"><span class='ocrx_word' id='word_1_97' title='bbox 261 1794 406 1850; x_wconf 88' lang='lat' dir='ltr'>Reddebas</span> <span class='ocrx_word' id='word_1_98' title='bbox 424 1795 519 1851; x_wconf 91' lang='lat' dir='ltr'>blaeso</span> <span class='ocrx_word' id='word_1_99' title='bbox 536 1801 594 1849; x_wconf 89' lang='lat' dir='ltr'>tam</span> <span class='ocrx_word' id='word_1_100' title='bbox 611 1796 681 1851; x_wconf 89' lang='lat' dir='ltr'>bene</span> <span class='ocrx_word' id='word_1_101' title='bbox 700 1797 783 1852; x_wconf 89' lang='lat' dir='ltr'>uerba</span> <span class='ocrx_word' id='word_1_102' title='bbox 801 1812 878 1851; x_wconf 90' lang='lat' dir='ltr'>sono.</span> 
     </span>
     <span class='ocr_line' id='line_1_17' title="bbox 189 1881 955 1949; baseline 0.009 -18"><span class='ocrx_word' id='word_1_103' title='bbox 189 1881 334 1949; x_wconf 73' lang='lat' dir='ltr'>redeptus</span> <span class='ocrx_word' id='word_1_104' title='bbox 352 1896 382 1934; x_wconf 91' lang='lat' dir='ltr'>es</span> <span class='ocrx_word' id='word_1_105' title='bbox 401 1881 510 1934; x_wconf 90' lang='lat' dir='ltr'>inuidia.</span> <span class='ocrx_word' id='word_1_106' title='bbox 530 1898 584 1936; x_wconf 92' lang='lat' dir='ltr'>non</span> <span class='ocrx_word' id='word_1_107' title='bbox 603 1885 632 1934; x_wconf 92' lang='lat' dir='ltr'>tu</span> <span class='ocrx_word' id='word_1_108' title='bbox 651 1881 709 1935; x_wconf 86' lang='lat' dir='ltr'>fera</span> <span class='ocrx_word' id='word_1_109' title='bbox 726 1881 798 1936; x_wconf 89' lang='lat' dir='ltr'>bella</span> <span class='ocrx_word' id='word_1_110' title='bbox 815 1883 955 1938; x_wconf 86' lang='lat' dir='ltr'>monebas.</span> 
     </span>
     <span class='ocr_line' id='line_1_18' title="bbox 263 1962 892 2035; baseline 0.003 -15"><span class='ocrx_word' id='word_1_111' title='bbox 263 1965 394 2020; x_wconf 88' lang='lat' dir='ltr'>Garrulus</span> <span class='ocrx_word' id='word_1_112' title='bbox 414 1970 440 2019; x_wconf 90' lang='lat' dir='ltr'>et</span> <span class='ocrx_word' id='word_1_113' title='bbox 459 1966 583 2034; x_wconf 89' lang='lat' dir='ltr'>placidae</span> <span class='ocrx_word' id='word_1_114' title='bbox 602 1967 678 2035; x_wconf 85' lang='lat' dir='ltr'>pacis</span> <span class='ocrx_word' id='word_1_115' title='bbox 697 1962 803 2020; x_wconf 83' lang='lat' dir='ltr'>amator</span> <span class='ocrx_word' id='word_1_116' title='bbox 822 1983 892 2022; x_wconf 89' lang='lat' dir='ltr'>eras.</span> 
     </span>
     <span class='ocr_line' id='line_1_19' title="bbox 228 2050 890 2120; baseline 0.005 -17"><span class='ocrx_word' id='word_1_117' title='bbox 228 2051 309 2115; x_wconf 83' lang='lat' dir='ltr'>Ecce,</span> <span class='ocrx_word' id='word_1_118' title='bbox 330 2053 481 2105; x_wconf 87' lang='lat' dir='ltr'>coturnices</span> <span class='ocrx_word' id='word_1_119' title='bbox 500 2050 570 2104; x_wconf 88' lang='lat' dir='ltr'>inter·</span> <span class='ocrx_word' id='word_1_120' title='bbox 589 2067 640 2105; x_wconf 87' lang='lat' dir='ltr'>sua</span> <span class='ocrx_word' id='word_1_121' title='bbox 658 2050 762 2120; x_wconf 87' lang='lat' dir='ltr'>proelia</span> <span class='ocrx_word' id='word_1_122' title='bbox 781 2052 890 2119; x_wconf 91' lang='lat' dir='ltr'>uiuunt,</span> 
     </span>
     <span class='ocr_line' id='line_1_20' title="bbox 261 2135 869 2205; baseline 0.007 -17"><span class='ocrx_word' id='word_1_123' title='bbox 261 2135 388 2190; x_wconf 84' lang='lat' dir='ltr'>Forsitan</span> <span class='ocrx_word' id='word_1_124' title='bbox 406 2142 434 2190; x_wconf 91' lang='lat' dir='ltr'>et</span> <span class='ocrx_word' id='word_1_125' title='bbox 451 2137 518 2189; x_wconf 87' lang='lat' dir='ltr'>fiant</span> <span class='ocrx_word' id='word_1_126' title='bbox 535 2136 598 2189; x_wconf 91' lang='lat' dir='ltr'>inde</span> <span class='ocrx_word' id='word_1_127' title='bbox 616 2135 773 2205; x_wconf 85' lang='lat' dir='ltr'>frequenter</span> <span class='ocrx_word' id='word_1_128' title='bbox 791 2154 869 2192; x_wconf 85' lang='lat' dir='ltr'>anus.</span> 
     </span>
     <span class='ocr_line' id='line_1_21' title="bbox 228 2221 960 2290; baseline 0.005 -16"><span class='ocrx_word' id='word_1_129' title='bbox 228 2221 327 2276; x_wconf 92' lang='lat' dir='ltr'>Plenus</span> <span class='ocrx_word' id='word_1_130' title='bbox 346 2238 406 2276; x_wconf 89' lang='lat' dir='ltr'>eras</span> <span class='ocrx_word' id='word_1_131' title='bbox 425 2221 543 2274; x_wconf 91' lang='lat' dir='ltr'>minimo.</span> <span class='ocrx_word' id='word_1_132' title='bbox 563 2237 614 2274; x_wconf 90' lang='lat' dir='ltr'>nec</span> <span class='ocrx_word' id='word_1_133' title='bbox 632 2236 698 2290; x_wconf 88' lang='lat' dir='ltr'>prae</span> <span class='ocrx_word' id='word_1_134' title='bbox 716 2223 849 2277; x_wconf 92' lang='lat' dir='ltr'>sermonis</span> <span class='ocrx_word' id='word_1_135' title='bbox 868 2240 960 2278; x_wconf 89' lang='lat' dir='ltr'>amore</span> 
     </span>
     <span class='ocr_line' id='line_1_22' title="bbox 189 2307 827 2374; baseline 0.009 -19"><span class='ocrx_word' id='word_1_136' title='bbox 189 2316 214 2356; x_wconf 87' lang='lat' dir='ltr'>ao</span> <span class='ocrx_word' id='word_1_137' title='bbox 262 2307 293 2359; x_wconf 93' lang='lat' dir='ltr'>ln</span> <span class='ocrx_word' id='word_1_138' title='bbox 313 2307 411 2360; x_wconf 88' lang='lat' dir='ltr'>multos</span> <span class='ocrx_word' id='word_1_139' title='bbox 429 2312 539 2374; x_wconf 90' lang='lat' dir='ltr'>poteras</span> <span class='ocrx_word' id='word_1_140' title='bbox 559 2322 607 2359; x_wconf 90' lang='lat' dir='ltr'>ora</span> <span class='ocrx_word' id='word_1_141' title='bbox 626 2321 724 2360; x_wconf 89' lang='lat' dir='ltr'>uacare</span> <span class='ocrx_word' id='word_1_142' title='bbox 743 2307 827 2363; x_wconf 91' lang='lat' dir='ltr'>cibos.</span> 
     </span>
    </p>

    <p class='ocr_par' dir='ltr' id='par_1_4' title="bbox 189 2391 963 2798">
     <span class='ocr_line' id='line_1_23' title="bbox 227 2391 963 2462; baseline 0.004 -18"><span class='ocrx_word' id='word_1_143' title='bbox 227 2391 287 2446; x_wconf 91' lang='lat' dir='ltr'>Nux</span> <span class='ocrx_word' id='word_1_144' title='bbox 305 2396 365 2445; x_wconf 88' lang='lat' dir='ltr'>erat</span> <span class='ocrx_word' id='word_1_145' title='bbox 383 2408 446 2446; x_wconf 89' lang='lat' dir='ltr'>esca</span> <span class='ocrx_word' id='word_1_146' title='bbox 463 2392 511 2446; x_wconf 91' lang='lat' dir='ltr'>tibi</span> <span class='ocrx_word' id='word_1_147' title='bbox 531 2407 687 2461; x_wconf 88' lang='lat' dir='ltr'>causaeque</span> <span class='ocrx_word' id='word_1_148' title='bbox 704 2408 845 2462; x_wconf 86' lang='lat' dir='ltr'>papauera</span> <span class='ocrx_word' id='word_1_149' title='bbox 863 2393 963 2459; x_wconf 87' lang='lat' dir='ltr'>somni,</span> 
     </span>
     <span class='ocr_line' id='line_1_24' title="bbox 262 2477 887 2547; baseline 0.002 -17"><span class='ocrx_word' id='word_1_150' title='bbox 262 2477 437 2547; x_wconf 89' lang='lat' dir='ltr'>Pellebatque</span> <span class='ocrx_word' id='word_1_151' title='bbox 455 2477 527 2531; x_wconf 81' lang='lat' dir='ltr'>sitim</span> <span class='ocrx_word' id='word_1_152' title='bbox 545 2477 676 2546; x_wconf 89' lang='lat' dir='ltr'>simplicis</span> <span class='ocrx_word' id='word_1_153' title='bbox 695 2494 772 2532; x_wconf 91' lang='lat' dir='ltr'>umor</span> <span class='ocrx_word' id='word_1_154' title='bbox 790 2494 887 2547; x_wconf 86' lang='lat' dir='ltr'>aquae.</span> 
     </span>
     <span class='ocr_line' id='line_1_25' title="bbox 228 2561 926 2634; baseline 0.004 -20"><span class='ocrx_word' id='word_1_155' title='bbox 228 2561 302 2615; x_wconf 88' lang='lat' dir='ltr'>Viuit</span> <span class='ocrx_word' id='word_1_156' title='bbox 319 2563 389 2616; x_wconf 89' lang='lat' dir='ltr'>edax</span> <span class='ocrx_word' id='word_1_157' title='bbox 407 2562 498 2616; x_wconf 87' lang='lat' dir='ltr'>uultur</span> <span class='ocrx_word' id='word_1_158' title='bbox 516 2563 675 2631; x_wconf 90' lang='lat' dir='ltr'>ducensque</span> <span class='ocrx_word' id='word_1_159' title='bbox 693 2579 742 2632; x_wconf 91' lang='lat' dir='ltr'>per</span> <span class='ocrx_word' id='word_1_160' title='bbox 761 2578 826 2616; x_wconf 88' lang='lat' dir='ltr'>aera</span> <span class='ocrx_word' id='word_1_161' title='bbox 843 2579 926 2634; x_wconf 84' lang='lat' dir='ltr'>gyros</span> 
     </span>
     <span class='ocr_line' id='line_1_26' title="bbox 262 2646 912 2717; baseline 0.005 -18"><span class='ocrx_word' id='word_1_162' title='bbox 262 2646 360 2702; x_wconf 89' lang='lat' dir='ltr'>Miluus</span> <span class='ocrx_word' id='word_1_163' title='bbox 379 2652 405 2701; x_wconf 77' lang='lat' dir='ltr'>el</span> <span class='ocrx_word' id='word_1_164' title='bbox 423 2647 532 2717; x_wconf 88' lang='lat' dir='ltr'>pluuiae</span> <span class='ocrx_word' id='word_1_165' title='bbox 551 2647 679 2716; x_wconf 87' lang='lat' dir='ltr'>graculus</span> <span class='ocrx_word' id='word_1_166' title='bbox 697 2652 792 2702; x_wconf 85' lang='lat' dir='ltr'>auctor</span> <span class='ocrx_word' id='word_1_167' title='bbox 810 2664 912 2717; x_wconf 89' lang='lat' dir='ltr'>aquae,</span> 
     </span>
     <span class='ocr_line' id='line_1_27' title="bbox 189 2732 895 2798; baseline 0.001 -12"><span class='ocrx_word' id='word_1_168' title='bbox 189 2742 214 2779; x_wconf 79' lang='lat'>³5</span> <span class='ocrx_word' id='word_1_169' title='bbox 229 2732 302 2786; x_wconf 88' lang='lat' dir='ltr'>Viuit</span> <span class='ocrx_word' id='word_1_170' title='bbox 321 2736 348 2785; x_wconf 86' lang='lat' dir='ltr'>et</span> <span class='ocrx_word' id='word_1_171' title='bbox 366 2734 508 2787; x_wconf 83' lang='lat' dir='ltr'>armiferae</span> <span class='ocrx_word' id='word_1_172' title='bbox 527 2733 621 2787; x_wconf 82' lang='lat' dir='ltr'>cornix</span> <span class='ocrx_word' id='word_1_173' title='bbox 638 2733 727 2788; x_wconf 91' lang='lat' dir='ltr'>inuisa</span> <span class='ocrx_word' id='word_1_174' title='bbox 744 2732 895 2798; x_wconf 87' lang='lat' dir='ltr'>Mineruae,</span> 
     </span>
    </p>

    <p class='ocr_par' dir='ltr' id='par_1_5' title="bbox 228 2817 895 2972">
     <span class='ocr_line' id='line_1_28' title="bbox 262 2817 894 2888; baseline 0.002 -17"><span class='ocrx_word' id='word_1_175' title='bbox 262 2817 312 2871; x_wconf 91' lang='lat' dir='ltr'>llla</span> <span class='ocrx_word' id='word_1_176' title='bbox 330 2818 437 2888; x_wconf 91' lang='lat' dir='ltr'>quidem</span> <span class='ocrx_word' id='word_1_177' title='bbox 456 2817 554 2873; x_wconf 88' lang='lat' dir='ltr'>saeclis</span> <span class='ocrx_word' id='word_1_178' title='bbox 574 2818 620 2872; x_wconf 89' lang='lat' dir='ltr'>uix</span> <span class='ocrx_word' id='word_1_179' title='bbox 639 2818 769 2872; x_wconf 89' lang='lat' dir='ltr'>moritura</span> <span class='ocrx_word' id='word_1_180' title='bbox 787 2834 894 2872; x_wconf 89' lang='lat' dir='ltr'>nouem.</span> 
     </span>
     <span class='ocr_line' id='line_1_29' title="bbox 228 2902 895 2972; baseline 0.003 -16"><span class='ocrx_word' id='word_1_181' title='bbox 228 2902 334 2956; x_wconf 86' lang='lat' dir='ltr'>Occidit</span> <span class='ocrx_word' id='word_1_182' title='bbox 350 2902 394 2956; x_wconf 92' lang='lat' dir='ltr'>ille</span> <span class='ocrx_word' id='word_1_183' title='bbox 412 2902 525 2972; x_wconf 83' lang='lat' dir='ltr'>loquax,</span> <span class='ocrx_word' id='word_1_184' title='bbox 544 2903 679 2958; x_wconf 91' lang='lat' dir='ltr'>humanae</span> <span class='ocrx_word' id='word_1_185' title='bbox 697 2903 774 2958; x_wconf 90' lang='lat' dir='ltr'>uocis</span> <span class='ocrx_word' id='word_1_186' title='bbox 791 2903 895 2972; x_wconf 84' lang='lat' dir='ltr'>imago,</span> 
     </span>
    </p>
   </div>
   <div class='ocr_carea' id='block_1_3' title="bbox 0 0 1192 3575">
    <p class='ocr_par' dir='ltr' id='par_1_6' title="bbox 0 0 1192 3575">
     <span class='ocr_line' id='line_1_30' title="bbox 0 0 1192 3575; baseline 0 0"><span class='ocrx_word' id='word_1_187' title='bbox 0 0 1192 3575; x_wconf 95' lang='lat' dir='ltr'> </span> 
     </span>
    </p>
   </div>
  </div>
 </body>
</html>
