2375 3575
476 490 594 523 usnemu
608 489 710 523 monis.
930 465 977 517 117

210 620 274 674 lloc
293 623 321 673 et
338 620 366 673 in
384 619 503 674 abducta
520 618 641 674 Briseide
658 618 742 674 flebat
760 617 888 684 Achilles,

179 709 182 714 '
245 704 323 759 Illam
340 704 489 759 Plisthenio
507 703 609 774 gaudia
626 704 782 760 ferretum.

209 790 267 844 Nec
284 790 387 845 frustra
403 790 499 856 tiebat,
519 790 584 844 mihi
602 789 712 844 credite.
731 789 797 844 iecit
813 789 935 853 Atrides,

157 896 196 933 rec
245 876 324 942 Quod
342 876 365 931 ei
383 892 438 931 non
455 875 570 941 iaceret,
588 875 704 944 turpiter
721 879 796 929 esset
811 875 892 930 iners.

209 962 291 1015 Certe
309 975 360 1029 ego
377 961 515 1026 iecissem,
535 977 585 1015 nec
602 976 662 1015 sum
681 960 830 1030 sapientior
846 960 900 1015 illo.

245 1046 369 1101 Inuidiae
385 1046 489 1101 fructus
507 1045 640 1100 maximus
658 1045 702 1100 ille
720 1046 779 1101 fuit.

209 1131 278 1185 Nam
296 1131 348 1186 sibi
366 1133 440 1202 qnod
457 1147 604 1201 numquam
622 1135 723 1185 tactam
742 1131 865 1186 Briseida
881 1131 953 1185 iurat

244 1216 296 1270 Per
313 1221 458 1286 sceptrum,
478 1222 616 1286 sceptrum
634 1232 687 1271 non
706 1221 786 1285 putat
804 1232 865 1271 esse
884 1213 958 1271 deos.

159 1319 197 1356 :es
210 1302 245 1355 Di
264 1302 377 1368 iaciant,
395 1302 487 1372 possis
506 1302 632 1357 dominae
650 1302 765 1356 transire
783 1301 893 1357 relictae

246 1386 359 1451 limina,
377 1387 519 1457 proposito
537 1387 729 1458 sufficiantque
746 1387 839 1456 pedes.

210 1472 247 1525 Et
263 1472 375 1541 poteris.
393 1472 474 1527 medo
493 1472 562 1526 nelle
580 1480 652 1526 tene.
670 1489 742 1527 nunc
759 1473 864 1527 fortiter
881 1472 931 1538 ire,

244 1557 322 1611 Nunc
340 1574 410 1628 opus
428 1563 470 1613 est
488 1557 568 1612 celeri
587 1558 703 1612 subdere
721 1558 810 1612 calcar
828 1574 906 1629 equo.

210 1642 260 1697 lllo
278 1642 461 1713 lotophagos,
482 1642 527 1697 illo
546 1644 657 1716 Sirenas
675 1643 702 1697 in
721 1649 799 1697 antro

160 1747 197 1785 rso
244 1727 315 1782 Esse
332 1733 406 1798 puta
424 1729 504 1783 remis
523 1728 599 1782 adice
617 1729 678 1782 vela
694 1729 756 1783 tuis.

210 1816 290 1869 Hunc
307 1830 427 1884 quoque,
448 1831 501 1885 quo
520 1815 656 1885 qnondam
675 1815 786 1869 nimium
805 1814 888 1869 riuale
907 1814 1026 1882 dolebas,

245 1899 347 1954 Vellem
365 1900 502 1955 desineres
521 1900 607 1955 hostis
626 1901 726 1955 habere
743 1900 812 1956 loco.

209 1989 246 2039 nt
265 1989 344 2050 certe,
364 1986 489 2056 quamuis
507 1985 569 2040 odio
587 1991 751 2051 remanente,
771 1986 868 2041 saluta

244 2070 347 2126 Oscula
364 2087 425 2125 cum
443 2071 546 2141 poteris
563 2071 616 2125 iam
637 2070 709 2135 dare,
728 2088 811 2126 sanus
830 2071 891 2125 eris.

159 2175 195 2211 :ss
210 2156 288 2222 licce,
307 2156 382 2211 cibos
401 2157 489 2221 etiam,
509 2157 660 2211 medicinae
678 2158 776 2225 iungar
795 2161 825 2210 nt
841 2155 913 2210 omni

244 2241 361 2307 Munere,
381 2257 450 2311 quos
468 2242 559 2312 fugias
578 2258 703 2313 quosque
721 2257 844 2312 sequare,
863 2240 941 2295 dabo.

208 2327 333 2382 Daunius
352 2344 386 2381 an
404 2327 513 2399 Libycis
531 2327 629 2382 bulbus
646 2327 695 2381 tibi
713 2327 813 2382 missus
831 2327 865 2381 ab
883 2326 937 2380 oris

243 2414 287 2467 An
305 2413 398 2466 ueniat
414 2412 540 2481 Megaris,
559 2413 656 2467 noxius
675 2413 762 2467 omnis
781 2413 840 2467 erit.

207 2499 265 2553 Nec
281 2497 371 2552 minus
389 2513 485 2552 erucas
503 2503 597 2567 aptum
615 2499 702 2552 uitare
721 2499 838 2564 salaces,

160 2602 192 2638 m
242 2582 279 2637 nt
296 2583 425 2654 quicquid
442 2583 534 2638 ueneri
553 2599 667 2652 corpora
685 2592 778 2639 nostra
795 2588 882 2652 parat.

208 2667 309 2723 Vtilius
327 2685 420 2724 sumas
438 2669 561 2723 senentis
579 2668 681 2723 lumina
698 2674 788 2724 tutas.

242 2753 277 2808 Et
295 2753 427 2825 quidquid
445 2754 536 2808 ueneri
556 2771 671 2825 corpora
688 2761 783 2809 nostra
800 2760 890 2823 negat.

205 2839 280 2908 Quid
296 2839 346 2894 tibi
365 2839 531 2909 praecipiam
549 2839 584 2894 de
602 2840 702 2894 Bacchi
720 2856 841 2905 munere,
861 2837 987 2909 quaeris?

241 2923 299 2996 Spe
316 2925 425 2980 breuius
444 2926 553 2980 monitis
572 2926 715 2995 expediere
734 2925 809 2980 meis.
