<?xml version="1.0" encoding="UTF-8"?>
<!DOCTYPE html PUBLIC "-//W3C//DTD XHTML 1.0 Transitional//EN"
    "http://www.w3.org/TR/xhtml1/DTD/xhtml1-transitional.dtd">
<html xmlns="http://www.w3.org/1999/xhtml" xml:lang="en" lang="en">
 <head>
  <title>
</title>
<meta http-equiv="Content-Type" content="text/html;charset=utf-8" />
  <meta name='ocr-system' content='tesseract 3.04.00' />
  <meta name='ocr-capabilities' content='ocr_page ocr_carea ocr_par ocr_line ocrx_word'/>
</head>
<body>
  <div class='ocr_page' id='page_1' title='image "./povidiinasonisc00mlgoog_0186.png"; bbox 0 0 2375 3575; ppageno 0'>
   <div class='ocr_carea' id='block_1_1' title="bbox 259 462 695 524">
    <p class='ocr_par' dir='ltr' id='par_1_1' title="bbox 259 462 695 524">
     <span class='ocr_line' id='line_1_1' title="bbox 259 462 695 524; baseline 0.014 -10"><span class='ocrx_word' id='word_1_1' title='bbox 259 462 305 515; x_wconf 80' lang='lat'>178</span> <span class='ocrx_word' id='word_1_2' title='bbox 583 487 695 524; x_wconf 69' lang='lat' dir='ltr'>suosne.</span> 
     </span>
    </p>
   </div>
   <div class='ocr_carea' id='block_1_2' title="bbox 215 615 1053 2976">
    <p class='ocr_par' dir='ltr' id='par_1_2' title="bbox 215 615 1053 2976">
     <span class='ocr_line' id='line_1_2' title="bbox 289 615 858 685; baseline 0 -15"><span class='ocrx_word' id='word_1_3' title='bbox 289 616 468 670; x_wconf 76' lang='lat' dir='ltr'>Cunctantem</span> <span class='ocrx_word' id='word_1_4' title='bbox 486 616 565 669; x_wconf 89' lang='lat' dir='ltr'>tardo</span> <span class='ocrx_word' id='word_1_5' title='bbox 583 615 664 670; x_wconf 88' lang='lat' dir='ltr'>iussit</span> <span class='ocrx_word' id='word_1_6' title='bbox 681 615 756 670; x_wconf 85' lang='lat' dir='ltr'>abire</span> <span class='ocrx_word' id='word_1_7' title='bbox 774 617 858 685; x_wconf 87' lang='lat' dir='ltr'>pede!</span> 
     </span>
     <span class='ocr_line' id='line_1_3' title="bbox 255 699 990 771; baseline 0.003 -17"><span class='ocrx_word' id='word_1_8' title='bbox 255 701 286 766; x_wconf 83' lang='lat' dir='ltr'>A,</span> <span class='ocrx_word' id='word_1_9' title='bbox 305 701 431 770; x_wconf 86' lang='lat' dir='ltr'>quotiens</span> <span class='ocrx_word' id='word_1_10' title='bbox 449 700 526 754; x_wconf 83' lang='lat' dir='ltr'>finxit</span> <span class='ocrx_word' id='word_1_11' title='bbox 543 699 665 769; x_wconf 85' lang='lat' dir='ltr'>culpam,</span> <span class='ocrx_word' id='word_1_12' title='bbox 684 704 872 771; x_wconf 88' lang='lat' dir='ltr'>quantumque</span> <span class='ocrx_word' id='word_1_13' title='bbox 889 702 990 758; x_wconf 78' lang='lat' dir='ltr'>licebat</span> 
     </span>
     <span class='ocr_line' id='line_1_4' title="bbox 288 784 904 854; baseline 0.002 -16"><span class='ocrx_word' id='word_1_14' title='bbox 288 785 406 850; x_wconf 90' lang='lat' dir='ltr'>Insonti,</span> <span class='ocrx_word' id='word_1_15' title='bbox 425 785 544 854; x_wconf 87' lang='lat' dir='ltr'>speciem</span> <span class='ocrx_word' id='word_1_16' title='bbox 562 784 689 853; x_wconf 87' lang='lat' dir='ltr'>praebuit</span> <span class='ocrx_word' id='word_1_17' title='bbox 707 801 768 840; x_wconf 88' lang='lat' dir='ltr'>esse</span> <span class='ocrx_word' id='word_1_18' title='bbox 788 787 904 841; x_wconf 88' lang='lat' dir='ltr'>nocens!</span> 
     </span>
     <span class='ocr_line' id='line_1_5' title="bbox 217 869 929 939; baseline 0.007 -18"><span class='ocrx_word' id='word_1_19' title='bbox 217 884 240 923; x_wconf 82' lang='lat'>15</span> <span class='ocrx_word' id='word_1_20' title='bbox 255 870 299 926; x_wconf 90' lang='lat' dir='ltr'>Sic</span> <span class='ocrx_word' id='word_1_21' title='bbox 317 869 363 924; x_wconf 93' lang='lat' dir='ltr'>ubi</span> <span class='ocrx_word' id='word_1_22' title='bbox 381 875 494 924; x_wconf 86' lang='lat' dir='ltr'>uerarat</span> <span class='ocrx_word' id='word_1_23' title='bbox 510 869 673 939; x_wconf 86' lang='lat' dir='ltr'>tepidosque</span> <span class='ocrx_word' id='word_1_24' title='bbox 691 870 929 939; x_wconf 83' lang='lat' dir='ltr'>refouerat&#39;ignis,</span> 
     </span>
     <span class='ocr_line' id='line_1_6' title="bbox 287 954 885 1024; baseline 0 -14"><span class='ocrx_word' id='word_1_25' title='bbox 287 954 392 1010; x_wconf 86' lang='lat' dir='ltr'>Rursus</span> <span class='ocrx_word' id='word_1_26' title='bbox 411 959 469 1009; x_wconf 88' lang='lat' dir='ltr'>erat</span> <span class='ocrx_word' id='word_1_27' title='bbox 487 955 559 1008; x_wconf 88' lang='lat' dir='ltr'>uotis</span> <span class='ocrx_word' id='word_1_28' title='bbox 577 955 662 1009; x_wconf 88' lang='lat' dir='ltr'>cornis</span> <span class='ocrx_word' id='word_1_29' title='bbox 681 960 709 1008; x_wconf 85' lang='lat' dir='ltr'>et</span> <span class='ocrx_word' id='word_1_30' title='bbox 725 959 792 1024; x_wconf 88' lang='lat' dir='ltr'>apta</span> <span class='ocrx_word' id='word_1_31' title='bbox 810 957 885 1010; x_wconf 87' lang='lat' dir='ltr'>meis.</span> 
     </span>
     <span class='ocr_line' id='line_1_7' title="bbox 253 1038 1039 1110; baseline 0.004 -17"><span class='ocrx_word' id='word_1_32' title='bbox 253 1040 327 1107; x_wconf 81' lang='lat' dir='ltr'>Quas</span> <span class='ocrx_word' id='word_1_33' title='bbox 346 1039 411 1093; x_wconf 88' lang='lat' dir='ltr'>rnibi</span> <span class='ocrx_word' id='word_1_34' title='bbox 428 1039 583 1105; x_wconf 82' lang='lat' dir='ltr'>blanditias,</span> <span class='ocrx_word' id='word_1_35' title='bbox 601 1054 682 1108; x_wconf 88' lang='lat' dir='ltr'>quam</span> <span class='ocrx_word' id='word_1_36' title='bbox 702 1038 792 1093; x_wconf 89' lang='lat' dir='ltr'>dulcia</span> <span class='ocrx_word' id='word_1_37' title='bbox 809 1040 893 1094; x_wconf 87' lang='lat' dir='ltr'>uerba</span> <span class='ocrx_word' id='word_1_38' title='bbox 911 1042 1039 1110; x_wconf 85' lang='lat' dir='ltr'>parabat!</span> 
     </span>
     <span class='ocr_line' id='line_1_8' title="bbox 287 1123 932 1194; baseline -0.002 -15"><span class='ocrx_word' id='word_1_39' title='bbox 287 1124 400 1189; x_wconf 85' lang='lat' dir='ltr'>Oscula,</span> <span class='ocrx_word' id='word_1_40' title='bbox 418 1124 445 1177; x_wconf 94' lang='lat' dir='ltr'>di</span> <span class='ocrx_word' id='word_1_41' title='bbox 464 1124 568 1192; x_wconf 83' lang='lat' dir='ltr'>magni,</span> <span class='ocrx_word' id='word_1_42' title='bbox 587 1123 680 1193; x_wconf 86' lang='lat' dir='ltr'>qualia</span> <span class='ocrx_word' id='word_1_43' title='bbox 698 1129 818 1194; x_wconf 80' lang='lat' dir='ltr'>quotque</span> <span class='ocrx_word' id='word_1_44' title='bbox 836 1125 932 1180; x_wconf 86' lang='lat' dir='ltr'>dabat!</span> 
     </span>
     <span class='ocr_line' id='line_1_9' title="bbox 255 1209 1027 1280; baseline 0.004 -17"><span class='ocrx_word' id='word_1_45' title='bbox 255 1209 308 1276; x_wconf 90' lang='lat' dir='ltr'>[Tu</span> <span class='ocrx_word' id='word_1_46' title='bbox 327 1214 443 1279; x_wconf 87' lang='lat' dir='ltr'>qnoque,</span> <span class='ocrx_word' id='word_1_47' title='bbox 463 1223 533 1279; x_wconf 88' lang='lat' dir='ltr'>quae</span> <span class='ocrx_word' id='word_1_48' title='bbox 551 1212 660 1262; x_wconf 92' lang='lat' dir='ltr'>nostros</span> <span class='ocrx_word' id='word_1_49' title='bbox 678 1209 794 1280; x_wconf 80' lang='lat' dir='ltr'>rapuisti</span> <span class='ocrx_word' id='word_1_50' title='bbox 813 1225 900 1279; x_wconf 85' lang='lat' dir='ltr'>nuper</span> <span class='ocrx_word' id='word_1_51' title='bbox 917 1211 1027 1277; x_wconf 85' lang='lat' dir='ltr'>ocellos,</span> 
     </span>
     <span class='ocr_line' id='line_1_10' title="bbox 216 1293 920 1364; baseline 0.003 -18"><span class='ocrx_word' id='word_1_52' title='bbox 216 1307 240 1347; x_wconf 83' lang='lat'>20</span> <span class='ocrx_word' id='word_1_53' title='bbox 288 1293 378 1364; x_wconf 86' lang='lat' dir='ltr'>Saepo</span> <span class='ocrx_word' id='word_1_54' title='bbox 395 1295 461 1347; x_wconf 89' lang='lat' dir='ltr'>time</span> <span class='ocrx_word' id='word_1_55' title='bbox 478 1293 600 1360; x_wconf 84' lang='lat' dir='ltr'>insidias,</span> <span class='ocrx_word' id='word_1_56' title='bbox 620 1309 705 1363; x_wconf 86' lang='lat' dir='ltr'>saepe</span> <span class='ocrx_word' id='word_1_57' title='bbox 722 1297 819 1363; x_wconf 86' lang='lat' dir='ltr'>rogata</span> <span class='ocrx_word' id='word_1_58' title='bbox 837 1309 920 1362; x_wconf 80' lang='lat' dir='ltr'>nega,</span> 
     </span>
     <span class='ocr_line' id='line_1_11' title="bbox 253 1378 1022 1450; baseline 0.004 -17"><span class='ocrx_word' id='word_1_59' title='bbox 253 1379 288 1434; x_wconf 82' lang='lat' dir='ltr'>Et</span> <span class='ocrx_word' id='word_1_60' title='bbox 306 1379 365 1434; x_wconf 89' lang='lat' dir='ltr'>sine</span> <span class='ocrx_word' id='word_1_61' title='bbox 383 1394 426 1433; x_wconf 90' lang='lat' dir='ltr'>me</span> <span class='ocrx_word' id='word_1_62' title='bbox 444 1383 508 1432; x_wconf 89' lang='lat' dir='ltr'>aute</span> <span class='ocrx_word' id='word_1_63' title='bbox 525 1383 588 1432; x_wconf 88' lang='lat' dir='ltr'>tuos</span> <span class='ocrx_word' id='word_1_64' title='bbox 607 1378 758 1447; x_wconf 88' lang='lat' dir='ltr'>proiectum</span> <span class='ocrx_word' id='word_1_65' title='bbox 776 1379 805 1432; x_wconf 92' lang='lat' dir='ltr'>in</span> <span class='ocrx_word' id='word_1_66' title='bbox 822 1378 915 1434; x_wconf 89' lang='lat' dir='ltr'>limine</span> <span class='ocrx_word' id='word_1_67' title='bbox 933 1381 1022 1450; x_wconf 85' lang='lat' dir='ltr'>postis</span> 
     </span>
     <span class='ocr_line' id='line_1_12' title="bbox 287 1462 843 1533; baseline -0.002 -15"><span class='ocrx_word' id='word_1_68' title='bbox 287 1465 382 1533; x_wconf 86' lang='lat' dir='ltr'>Longa</span> <span class='ocrx_word' id='word_1_69' title='bbox 398 1463 529 1532; x_wconf 90' lang='lat' dir='ltr'>pruinosa</span> <span class='ocrx_word' id='word_1_70' title='bbox 546 1462 648 1530; x_wconf 82' lang='lat' dir='ltr'>frigora</span> <span class='ocrx_word' id='word_1_71' title='bbox 666 1468 746 1517; x_wconf 89' lang='lat' dir='ltr'>nocte</span> <span class='ocrx_word' id='word_1_72' title='bbox 763 1463 843 1533; x_wconf 82' lang='lat' dir='ltr'>pati]</span> 
     </span>
     <span class='ocr_line' id='line_1_13' title="bbox 254 1547 1049 1618; baseline 0 -15"><span class='ocrx_word' id='word_1_73' title='bbox 254 1550 298 1604; x_wconf 89' lang='lat' dir='ltr'>Sic</span> <span class='ocrx_word' id='word_1_74' title='bbox 316 1548 380 1602; x_wconf 91' lang='lat' dir='ltr'>rnibi</span> <span class='ocrx_word' id='word_1_75' title='bbox 398 1549 478 1602; x_wconf 82' lang='lat' dir='ltr'>durat</span> <span class='ocrx_word' id='word_1_76' title='bbox 497 1563 572 1602; x_wconf 88' lang='lat' dir='ltr'>amor</span> <span class='ocrx_word' id='word_1_77' title='bbox 589 1547 742 1618; x_wconf 84' lang='lat' dir='ltr'>longosque</span> <span class='ocrx_word' id='word_1_78' title='bbox 760 1548 895 1603; x_wconf 86' lang='lat' dir='ltr'>adolescit</span> <span class='ocrx_word' id='word_1_79' title='bbox 911 1549 940 1604; x_wconf 90' lang='lat' dir='ltr'>in</span> <span class='ocrx_word' id='word_1_80' title='bbox 958 1566 1049 1605; x_wconf 91' lang='lat' dir='ltr'>annos.</span> 
     </span>
     <span class='ocr_line' id='line_1_14' title="bbox 286 1632 944 1698; baseline 0.002 -11"><span class='ocrx_word' id='word_1_81' title='bbox 286 1633 346 1687; x_wconf 89' lang='lat' dir='ltr'>Hoc</span> <span class='ocrx_word' id='word_1_82' title='bbox 364 1633 447 1698; x_wconf 72' lang='lat' dir='ltr'>iuuat,</span> <span class='ocrx_word' id='word_1_83' title='bbox 466 1632 535 1688; x_wconf 91' lang='lat' dir='ltr'>haec</span> <span class='ocrx_word' id='word_1_84' title='bbox 552 1632 634 1687; x_wconf 88' lang='lat' dir='ltr'>anirni</span> <span class='ocrx_word' id='word_1_85' title='bbox 653 1637 718 1687; x_wconf 91' lang='lat' dir='ltr'>sunt</span> <span class='ocrx_word' id='word_1_86' title='bbox 735 1633 865 1687; x_wconf 80' lang='lat' dir='ltr'>alimenta</span> <span class='ocrx_word' id='word_1_87' title='bbox 883 1636 944 1689; x_wconf 88' lang='lat' dir='ltr'>mei.</span> 
     </span>
     <span class='ocr_line' id='line_1_15' title="bbox 216 1718 1014 1789; baseline 0.006 -19"><span class='ocrx_word' id='word_1_88' title='bbox 216 1732 240 1771; x_wconf 80' lang='lat' dir='ltr'>as</span> <span class='ocrx_word' id='word_1_89' title='bbox 253 1718 364 1788; x_wconf 81' lang='lat' dir='ltr'>Pinguis</span> <span class='ocrx_word' id='word_1_90' title='bbox 383 1734 459 1772; x_wconf 86' lang='lat' dir='ltr'>amor</span> <span class='ocrx_word' id='word_1_91' title='bbox 477 1719 643 1789; x_wconf 89' lang='lat' dir='ltr'>nimiumque</span> <span class='ocrx_word' id='word_1_92' title='bbox 660 1722 760 1789; x_wconf 87' lang='lat' dir='ltr'>patens</span> <span class='ocrx_word' id='word_1_93' title='bbox 778 1718 807 1771; x_wconf 94' lang='lat' dir='ltr'>in</span> <span class='ocrx_word' id='word_1_94' title='bbox 825 1719 919 1773; x_wconf 90' lang='lat' dir='ltr'>taedia</span> <span class='ocrx_word' id='word_1_95' title='bbox 936 1720 1014 1775; x_wconf 93' lang='lat' dir='ltr'>nobis</span> 
     </span>
     <span class='ocr_line' id='line_1_16' title="bbox 287 1804 972 1869; baseline 0.004 -12"><span class='ocrx_word' id='word_1_96' title='bbox 287 1804 406 1858; x_wconf 87' lang='lat' dir='ltr'>Vertitur</span> <span class='ocrx_word' id='word_1_97' title='bbox 424 1807 452 1857; x_wconf 91' lang='lat' dir='ltr'>et</span> <span class='ocrx_word' id='word_1_98' title='bbox 469 1805 619 1869; x_wconf 82' lang='lat' dir='ltr'>stomacho,</span> <span class='ocrx_word' id='word_1_99' title='bbox 638 1804 725 1859; x_wconf 91' lang='lat' dir='ltr'>dulcis</span> <span class='ocrx_word' id='word_1_100' title='bbox 743 1807 774 1858; x_wconf 90' lang='lat' dir='ltr'>ut</span> <span class='ocrx_word' id='word_1_101' title='bbox 791 1820 864 1869; x_wconf 87' lang='lat' dir='ltr'>esca,</span> <span class='ocrx_word' id='word_1_102' title='bbox 884 1811 972 1860; x_wconf 87' lang='lat' dir='ltr'>nocet.</span> 
     </span>
     <span class='ocr_line' id='line_1_17' title="bbox 254 1888 955 1958; baseline 0.003 -15"><span class='ocrx_word' id='word_1_103' title='bbox 254 1888 283 1943; x_wconf 88' lang='lat' dir='ltr'>Si</span> <span class='ocrx_word' id='word_1_104' title='bbox 300 1904 446 1958; x_wconf 82' lang='lat' dir='ltr'>numquam</span> <span class='ocrx_word' id='word_1_105' title='bbox 466 1889 579 1942; x_wconf 90' lang='lat' dir='ltr'>Danaen</span> <span class='ocrx_word' id='word_1_106' title='bbox 598 1888 742 1943; x_wconf 87' lang='lat' dir='ltr'>habuisset</span> <span class='ocrx_word' id='word_1_107' title='bbox 760 1905 847 1943; x_wconf 87' lang='lat' dir='ltr'>aenea</span> <span class='ocrx_word' id='word_1_108' title='bbox 863 1890 955 1956; x_wconf 88' lang='lat' dir='ltr'>turris,</span> 
     </span>
     <span class='ocr_line' id='line_1_18' title="bbox 287 1972 907 2043; baseline 0.002 -16"><span class='ocrx_word' id='word_1_109' title='bbox 287 1972 346 2027; x_wconf 91' lang='lat' dir='ltr'>Nou</span> <span class='ocrx_word' id='word_1_110' title='bbox 365 1977 439 2028; x_wconf 87' lang='lat' dir='ltr'>esset</span> <span class='ocrx_word' id='word_1_111' title='bbox 456 1973 551 2027; x_wconf 90' lang='lat' dir='ltr'>Danae</span> <span class='ocrx_word' id='word_1_112' title='bbox 569 1974 604 2027; x_wconf 91' lang='lat' dir='ltr'>de</span> <span class='ocrx_word' id='word_1_113' title='bbox 621 1973 687 2028; x_wconf 90' lang='lat' dir='ltr'>Ioue</span> <span class='ocrx_word' id='word_1_114' title='bbox 704 1972 780 2027; x_wconf 87' lang='lat' dir='ltr'>fact-a</span> <span class='ocrx_word' id='word_1_115' title='bbox 797 1990 907 2043; x_wconf 88' lang='lat' dir='ltr'>parens.</span> 
     </span>
     <span class='ocr_line' id='line_1_19' title="bbox 253 2058 877 2124; baseline 0.002 -12"><span class='ocrx_word' id='word_1_116' title='bbox 253 2058 323 2112; x_wconf 88' lang='lat' dir='ltr'>Dum</span> <span class='ocrx_word' id='word_1_117' title='bbox 342 2063 434 2113; x_wconf 88' lang='lat' dir='ltr'>seruat</span> <span class='ocrx_word' id='word_1_118' title='bbox 451 2059 519 2113; x_wconf 93' lang='lat' dir='ltr'>Iuno</span> <span class='ocrx_word' id='word_1_119' title='bbox 539 2063 671 2112; x_wconf 86' lang='lat' dir='ltr'>mutatam</span> <span class='ocrx_word' id='word_1_120' title='bbox 689 2058 816 2113; x_wconf 91' lang='lat' dir='ltr'>cornibus</span> <span class='ocrx_word' id='word_1_121' title='bbox 834 2058 877 2124; x_wconf 90' lang='lat' dir='ltr'>lo,</span> 
     </span>
     <span class='ocr_line' id='line_1_20' title="bbox 215 2142 891 2213; baseline 0.003 -17"><span class='ocrx_word' id='word_1_122' title='bbox 215 2159 239 2197; x_wconf 81' lang='lat' dir='ltr'>ao</span> <span class='ocrx_word' id='word_1_123' title='bbox 286 2142 406 2209; x_wconf 86' lang='lat' dir='ltr'>Factast,</span> <span class='ocrx_word' id='word_1_124' title='bbox 426 2159 507 2213; x_wconf 91' lang='lat' dir='ltr'>quarn</span> <span class='ocrx_word' id='word_1_125' title='bbox 526 2144 623 2208; x_wconf 88' lang='lat' dir='ltr'>luerat,</span> <span class='ocrx_word' id='word_1_126' title='bbox 641 2144 743 2211; x_wconf 87' lang='lat' dir='ltr'>gratior</span> <span class='ocrx_word' id='word_1_127' title='bbox 760 2142 807 2197; x_wconf 83' lang='lat' dir='ltr'>illa</span> <span class='ocrx_word' id='word_1_128' title='bbox 824 2144 891 2199; x_wconf 92' lang='lat' dir='ltr'>loui.</span> 
     </span>
     <span class='ocr_line' id='line_1_21' title="bbox 253 2227 1053 2298; baseline 0 -15"><span class='ocrx_word' id='word_1_129' title='bbox 253 2228 333 2295; x_wconf 81' lang='lat' dir='ltr'>Quod</span> <span class='ocrx_word' id='word_1_130' title='bbox 350 2228 414 2283; x_wconf 88' lang='lat' dir='ltr'>licet</span> <span class='ocrx_word' id='word_1_131' title='bbox 432 2232 459 2282; x_wconf 91' lang='lat' dir='ltr'>et</span> <span class='ocrx_word' id='word_1_132' title='bbox 476 2228 584 2285; x_wconf 84' lang='lat' dir='ltr'>facilest</span> <span class='ocrx_word' id='word_1_133' title='bbox 602 2228 727 2298; x_wconf 87' lang='lat' dir='ltr'>quisquis</span> <span class='ocrx_word' id='word_1_134' title='bbox 746 2227 820 2293; x_wconf 92' lang='lat' dir='ltr'>uelit,</span> <span class='ocrx_word' id='word_1_135' title='bbox 838 2232 935 2284; x_wconf 87' lang='lat' dir='ltr'>arbore</span> <span class='ocrx_word' id='word_1_136' title='bbox 953 2230 1053 2285; x_wconf 81' lang='lat' dir='ltr'>frondis</span> 
     </span>
     <span class='ocr_line' id='line_1_22' title="bbox 287 2312 950 2383; baseline 0.003 -16"><span class='ocrx_word' id='word_1_137' title='bbox 287 2314 390 2383; x_wconf 84' lang='lat' dir='ltr'>Carpat</span> <span class='ocrx_word' id='word_1_138' title='bbox 407 2319 435 2367; x_wconf 87' lang='lat' dir='ltr'>et</span> <span class='ocrx_word' id='word_1_139' title='bbox 453 2329 468 2368; x_wconf 94' lang='lat' dir='ltr'>e</span> <span class='ocrx_word' id='word_1_140' title='bbox 485 2328 584 2381; x_wconf 81' lang='lat' dir='ltr'>magno</span> <span class='ocrx_word' id='word_1_141' title='bbox 603 2312 714 2367; x_wconf 91' lang='lat' dir='ltr'>flumine</span> <span class='ocrx_word' id='word_1_142' title='bbox 731 2317 823 2382; x_wconf 88' lang='lat' dir='ltr'>portet</span> <span class='ocrx_word' id='word_1_143' title='bbox 841 2330 950 2383; x_wconf 81' lang='lat' dir='ltr'>aquam.</span> 
     </span>
     <span class='ocr_line' id='line_1_23' title="bbox 254 2397 929 2468; baseline 0.001 -17"><span class='ocrx_word' id='word_1_144' title='bbox 254 2397 338 2467; x_wconf 87' lang='lat' dir='ltr'>Siqua</span> <span class='ocrx_word' id='word_1_145' title='bbox 356 2398 430 2452; x_wconf 85' lang='lat' dir='ltr'>uolet</span> <span class='ocrx_word' id='word_1_146' title='bbox 447 2414 562 2468; x_wconf 84' lang='lat' dir='ltr'>regnare</span> <span class='ocrx_word' id='word_1_147' title='bbox 580 2398 634 2463; x_wconf 91' lang='lat' dir='ltr'>diu,</span> <span class='ocrx_word' id='word_1_148' title='bbox 654 2398 765 2452; x_wconf 86' lang='lat' dir='ltr'>deludat</span> <span class='ocrx_word' id='word_1_149' title='bbox 783 2402 929 2453; x_wconf 86' lang='lat' dir='ltr'>amantem.</span> 
     </span>
     <span class='ocr_line' id='line_1_24' title="bbox 287 2483 915 2553; baseline 0.002 -18"><span class='ocrx_word' id='word_1_150' title='bbox 287 2483 319 2536; x_wconf 90' lang='lat' dir='ltr'>Ei</span> <span class='ocrx_word' id='word_1_151' title='bbox 337 2483 409 2548; x_wconf 86' lang='lat' dir='ltr'>nribi,</span> <span class='ocrx_word' id='word_1_152' title='bbox 429 2499 462 2538; x_wconf 89' lang='lat' dir='ltr'>ne</span> <span class='ocrx_word' id='word_1_153' title='bbox 480 2483 590 2538; x_wconf 89' lang='lat' dir='ltr'>monitis</span> <span class='ocrx_word' id='word_1_154' title='bbox 609 2485 738 2553; x_wconf 86' lang='lat' dir='ltr'>torquear</span> <span class='ocrx_word' id='word_1_155' title='bbox 755 2483 816 2552; x_wconf 86' lang='lat' dir='ltr'>ipse</span> <span class='ocrx_word' id='word_1_156' title='bbox 834 2483 915 2538; x_wconf 85' lang='lat' dir='ltr'>meis!</span> 
     </span>
     <span class='ocr_line' id='line_1_25' title="bbox 216 2567 921 2636; baseline 0.004 -19"><span class='ocrx_word' id='word_1_157' title='bbox 216 2580 240 2618; x_wconf 82' lang='lat' dir='ltr'>ss</span> <span class='ocrx_word' id='word_1_158' title='bbox 254 2567 392 2634; x_wconf 82' lang='lat' dir='ltr'>Quidlibet</span> <span class='ocrx_word' id='word_1_159' title='bbox 410 2569 527 2632; x_wconf 83' lang='lat' dir='ltr'>eueniat,</span> <span class='ocrx_word' id='word_1_160' title='bbox 547 2572 628 2622; x_wconf 89' lang='lat' dir='ltr'>nocet</span> <span class='ocrx_word' id='word_1_161' title='bbox 645 2567 822 2636; x_wconf 88' lang='lat' dir='ltr'>indulgentia·</span> <span class='ocrx_word' id='word_1_162' title='bbox 834 2567 921 2622; x_wconf 90' lang='lat' dir='ltr'>nobis.</span> 
     </span>
     <span class='ocr_line' id='line_1_26' title="bbox 287 2652 1011 2724; baseline 0.001 -19"><span class='ocrx_word' id='word_1_163' title='bbox 287 2652 365 2720; x_wconf 83' lang='lat' dir='ltr'>Quod</span> <span class='ocrx_word' id='word_1_164' title='bbox 384 2654 514 2724; x_wconf 87' lang='lat' dir='ltr'>seqnitur,</span> <span class='ocrx_word' id='word_1_165' title='bbox 534 2653 617 2721; x_wconf 86' lang='lat' dir='ltr'>fugio.</span> <span class='ocrx_word' id='word_1_166' title='bbox 637 2652 711 2722; x_wconf 92' lang='lat' dir='ltr'>quod</span> <span class='ocrx_word' id='word_1_167' title='bbox 729 2653 806 2721; x_wconf 79' lang='lat' dir='ltr'>fugit,</span> <span class='ocrx_word' id='word_1_168' title='bbox 825 2653 886 2722; x_wconf 88' lang='lat' dir='ltr'>ipse</span> <span class='ocrx_word' id='word_1_169' title='bbox 904 2669 1011 2723; x_wconf 86' lang='lat' dir='ltr'>sequor.</span> 
     </span>
     <span class='ocr_line' id='line_1_27' title="bbox 255 2736 883 2806; baseline 0 -16"><span class='ocrx_word' id='word_1_170' title='bbox 255 2740 290 2790; x_wconf 77' lang='lat' dir='ltr'>At</span> <span class='ocrx_word' id='word_1_171' title='bbox 306 2742 345 2802; x_wconf 88' lang='lat' dir='ltr'>tu,</span> <span class='ocrx_word' id='word_1_172' title='bbox 364 2737 501 2792; x_wconf 86' lang='lat' dir='ltr'>formosae</span> <span class='ocrx_word' id='word_1_173' title='bbox 520 2738 631 2792; x_wconf 89' lang='lat' dir='ltr'>nimium</span> <span class='ocrx_word' id='word_1_174' title='bbox 650 2753 746 2791; x_wconf 87' lang='lat' dir='ltr'>secure</span> <span class='ocrx_word' id='word_1_175' title='bbox 764 2736 883 2806; x_wconf 89' lang='lat' dir='ltr'>puellae,</span> 
     </span>
     <span class='ocr_line' id='line_1_28' title="bbox 287 2821 911 2892; baseline 0.002 -17"><span class='ocrx_word' id='word_1_176' title='bbox 287 2821 380 2891; x_wconf 86' lang='lat' dir='ltr'>Incipe</span> <span class='ocrx_word' id='word_1_177' title='bbox 398 2822 451 2876; x_wconf 89' lang='lat' dir='ltr'>iarn</span> <span class='ocrx_word' id='word_1_178' title='bbox 469 2823 558 2892; x_wconf 85' lang='lat' dir='ltr'>prima</span> <span class='ocrx_word' id='word_1_179' title='bbox 575 2822 702 2877; x_wconf 89' lang='lat' dir='ltr'>claudere</span> <span class='ocrx_word' id='word_1_180' title='bbox 721 2827 800 2876; x_wconf 90' lang='lat' dir='ltr'>nocte</span> <span class='ocrx_word' id='word_1_181' title='bbox 818 2822 911 2876; x_wconf 84' lang='lat' dir='ltr'>iorem.</span> 
     </span>
     <span class='ocr_line' id='line_1_29' title="bbox 254 2906 959 2976; baseline 0.003 -16"><span class='ocrx_word' id='word_1_182' title='bbox 254 2906 353 2976; x_wconf 83' lang='lat' dir='ltr'>Incipe,</span> <span class='ocrx_word' id='word_1_183' title='bbox 374 2908 435 2976; x_wconf 87' lang='lat' dir='ltr'>quis</span> <span class='ocrx_word' id='word_1_184' title='bbox 453 2907 554 2961; x_wconf 87' lang='lat' dir='ltr'>totiens</span> <span class='ocrx_word' id='word_1_185' title='bbox 572 2907 665 2961; x_wconf 87' lang='lat' dir='ltr'>furtim</span> <span class='ocrx_word' id='word_1_186' title='bbox 683 2914 732 2961; x_wconf 87' lang='lat' dir='ltr'>tua</span> <span class='ocrx_word' id='word_1_187' title='bbox 749 2906 842 2960; x_wconf 87' lang='lat' dir='ltr'>limina</span> <span class='ocrx_word' id='word_1_188' title='bbox 859 2907 959 2976; x_wconf 88' lang='lat' dir='ltr'>pulset,</span> 
     </span>
    </p>
   </div>
   <div class='ocr_carea' id='block_1_3' title="bbox 187 3084 281 3116">
    <p class='ocr_par' dir='ltr' id='par_1_3' title="bbox 187 3084 281 3116">
     <span class='ocr_line' id='line_1_30' title="bbox 187 3084 281 3116; baseline 0 -26"><span class='ocrx_word' id='word_1_189' title='bbox 187 3087 213 3116; x_wconf 47' lang='lat' dir='ltr'><strong>b</strong></span> <span class='ocrx_word' id='word_1_190' title='bbox 279 3084 281 3090; x_wconf 93' lang='lat'>.</span> 
     </span>
    </p>
   </div>
   <div class='ocr_carea' id='block_1_4' title="bbox 0 0 1192 3575">
    <p class='ocr_par' dir='ltr' id='par_1_4' title="bbox 0 0 1192 3575">
     <span class='ocr_line' id='line_1_31' title="bbox 0 0 1192 3575; baseline 0 1"><span class='ocrx_word' id='word_1_191' title='bbox 0 0 1192 3575; x_wconf 95' lang='lat' dir='ltr'> </span> 
     </span>
    </p>
   </div>
  </div>
 </body>
</html>
