2375 3575
473 400 519 435 ans
534 400 671 435 sunnonis.
922 378 956 433 43

187 534 281 585 Aurea
298 532 363 585 sunt
379 545 444 585 uere
463 546 534 585 nunc
552 530 669 586 saecula.
689 530 821 601 plurimus
838 549 905 587 auro

223 615 305 669 Venit
321 613 417 670 honos.
435 632 500 670 auro
519 616 676 671 conciliatur
694 633 777 671 amor.

187 702 253 772 lpse
269 700 334 755 licet
352 701 446 755 uenias
463 700 549 756 Musis
568 702 721 767 comitatus,
740 702 869 766 Homere,

142 695 184 860 ru]
225 787 254 843 Si
273 785 338 841 nihil
356 785 486 849 attuleris,
504 786 564 851 ibis,
583 786 706 852 Homere,
726 788 808 842 foras.

188 872 260 927 Sunt
276 876 367 926 tamen
385 875 413 925 et
431 871 534 936 doctae,
554 872 692 927 rarissima
709 873 801 938 turba,
820 872 935 943 puellae.

224 957 317 1011 Altera
334 973 386 1010 non
406 957 503 1011 doctae
520 958 607 1012 turba.
627 957 675 1012 sed
693 974 754 1013 esse
773 958 877 1013 uolunt.

187 1043 309 1113 Vtraque
327 1042 452 1097 landetur
469 1059 517 1112 per
536 1044 663 1098 carmina.
682 1044 801 1098 carmina
819 1043 903 1099 lector

224 1128 400 1183 Commendet
417 1128 488 1182 dulci
507 1128 714 1199 qualiacumque
732 1145 807 1184 sono.

142 1228 176 1269 sse
189 1214 241 1268 His
259 1229 324 1282 ergo
342 1218 390 1267 aut
406 1213 459 1268 illis
477 1213 622 1283 uigilatum
640 1230 748 1269 carmen
766 1215 792 1268 in
811 1215 888 1284 ipsas

224 1298 349 1353 Forsitan
369 1298 457 1366 exigui
477 1298 596 1353 muneris
614 1298 700 1353 instar
719 1300 776 1353 erit.

188 1387 225 1439 At
243 1383 317 1455 quod
335 1384 388 1438 eris
405 1399 455 1453 per
472 1387 500 1438 te
517 1384 640 1438 facturus
659 1390 687 1438 et
703 1384 770 1439 utile
788 1386 895 1452 credes,

222 1470 253 1524 ld
270 1474 319 1523 tua
336 1473 364 1524 te
381 1469 465 1523 facito
483 1486 590 1538 semper
608 1469 695 1524 amica
712 1474 797 1539 roget.

186 1556 311 1611 libertas
330 1554 409 1610 alicui
427 1554 508 1609 luerit
525 1556 661 1624 promisse
678 1560 793 1610 tuorum.

142 1654 177 1695 rao
224 1640 302 1695 Hanc
319 1644 409 1694 tamen
429 1657 446 1693 a
463 1640 573 1694 domina
590 1640 634 1693 fac
653 1645 730 1710 petat
747 1641 791 1695 ille
808 1644 864 1695 tua.

187 1725 216 1780 Si
235 1741 351 1797 poenam
370 1742 458 1793 seruo,
476 1726 500 1780 si
518 1725 627 1780 uincula
645 1742 730 1780 saeua
748 1727 873 1794 remittis,

222 1812 301 1880 Quod
319 1811 440 1867 facturus
459 1829 528 1878 eras,
548 1812 647 1868 debeat
664 1812 710 1866 illa
727 1813 785 1868 tibi.

188 1896 296 1952 Vtilitas
313 1901 362 1951 tna
380 1899 421 1961 sit,
441 1897 538 1952 titulus
556 1898 672 1953 donetur
690 1899 801 1953 amicae.

222 1983 308 2037 Perde
326 1983 399 2047 nihil,
418 1983 504 2052 partis
521 1983 567 2038 illa
586 1984 705 2053 potentis
723 1991 796 2052 agat.

142 2085 172 2123 ur
186 2069 242 2124 Sed
260 2070 295 2133 te,
314 2069 474 2139 cuicumque
491 2074 534 2124 est
551 2069 708 2123 retinendae
727 2084 791 2123 cura
809 2068 928 2138 puellae,

221 2154 372 2209 Attonitum
390 2155 478 2208 forma
495 2153 539 2208 fac
556 2158 635 2224 putet
653 2171 713 2210 esse
731 2171 789 2210 sua.

186 2240 252 2295 Siue
270 2239 322 2294 erit
338 2239 364 2294 in
383 2239 480 2311 Tyriis,
499 2240 594 2312 Tyrios
613 2239 736 2296 laudabis
756 2241 881 2304 amictus,

221 2325 287 2380 Siue
305 2325 355 2379 erit
373 2325 400 2379 in
419 2325 489 2390 Oois,
509 2327 566 2381 Coa
584 2326 679 2385 decere
697 2330 771 2395 puta.

186 2411 336 2466 Auratastl
354 2411 414 2480 ipso
432 2411 481 2466 tibi
500 2411 536 2466 sit
553 2412 698 2480 pretiosior
716 2428 789 2466 auro.

142 2510 174 2548 roo
204 2560 206 2562 p
223 2496 355 2566 Gausapa
373 2497 396 2550 si
414 2500 538 2566 sumpsit.
558 2514 682 2568 gausapa
700 2501 809 2567 sumpta
825 2498 919 2567 proba.

186 2581 313 2637 Astiterit
329 2581 460 2647 tunicata,
480 2590 582 2637 ‘moues
600 2582 733 2637 incendia'
752 2584 851 2649 clama,

221 2666 276 2721 Sed
294 2667 397 2733 timida,
415 2672 513 2722 canent
530 2667 638 2738 frigora,
658 2683 725 2722 uoce
743 2683 818 2738 roga.

185 2752 365 2822 Conpositum
383 2752 527 2807 discrimen
545 2753 608 2818 erit,
628 2753 784 2808 discrimina
801 2753 890 2809 lauda.

220 2837 342 2893 Torserit
359 2838 421 2906 igne
439 2852 551 2902 comam,
570 2842 641 2893 torte
660 2837 763 2908 capillo,
782 2838 868 2908 place.
