2375 3575
494 484 612 517 maneum
628 483 730 519 sucum.
967 461 999 515 99

228 614 296 668 ‘Neu
309 628 374 683 ego,
394 613 468 682 quod
485 611 574 682 prime
587 643 618 652 -
632 611 740 665 memini
754 643 785 651 —
799 628 909 682 sperare
922 613 1049 678 solebam,

264 699 321 752 lam
338 712 447 767 precor,
467 703 497 751 ut
514 696 631 751 coniunx
649 702 678 750 tu
697 713 774 751 meus
793 713 854 752 esse
873 698 950 753 uelis.

171 797 214 836 275
228 784 266 838 Et
281 789 385 847 tamen,
404 787 436 836 ut
453 782 571 835 coniunx
588 798 678 837 essem
696 788 756 847 tua,
776 782 858 851 digua
876 783 1001 850 uidebar,

264 868 343 935 Quod
360 867 424 932 dea,
443 866 517 937 quod
535 868 627 935 magui
645 866 701 921 filia
719 867 789 922 Solis
808 884 890 923 eram.

227 954 268 1007 Ne
285 968 432 1023 properes,
451 968 508 1005 oro.
528 951 647 1021 spatium
666 968 716 1021 pro
734 968 844 1026 munere
864 969 957 1023 posco,

264 1038 336 1105 Quid
353 1037 442 1091 miuus
460 1037 549 1106 optari
568 1052 618 1105 per
635 1053 696 1091 mea
714 1041 780 1091 ueta
797 1039 911 1107 petest?

230 1123 267 1176 Et
284 1123 354 1176 freta
371 1128 446 1176 mota
463 1122 541 1176 uides
560 1130 588 1175 et
606 1121 689 1176 debes
708 1122 754 1176 illa
771 1123 875 1177 timere.

170 1221 217 1259 cm
267 1207 362 1261 Vtilior
380 1206 447 1262 uelis
465 1207 611 1277 postmodo
629 1212 728 1261 uentus
746 1208 804 1261 erit

230 1293 307 1360 Quae
324 1292 374 1347 tibi
393 1308 478 1346 causa
494 1292 594 1360 fugae?
613 1307 668 1346 nou
686 1291 731 1345 hic
744 1308 816 1346 noua
827 1292 909 1348 'l'ruia
927 1295 1052 1363 resurgit,

265 1378 324 1432 Neu
342 1377 441 1448 aliquis
459 1378 550 1431 socios
568 1376 676 1432 Rhesus
696 1378 732 1431 ad
749 1393 825 1431 arma
842 1382 932 1433 uocat.

229 1463 283 1517 Hic
300 1479 375 1517 amor
392 1465 420 1516 et
438 1479 492 1531 pax
510 1466 565 1527 est,
583 1463 612 1515 in
630 1478 685 1533 qua
702 1461 772 1516 male
790 1462 917 1518 uulneror
934 1480 1001 1530 uua,

265 1548 389 1617 Totaque
407 1548 458 1603 sub
475 1563 560 1617 reguo
578 1553 652 1601 terra
668 1547 761 1600 futura
776 1549 870 1602 tuost'

175 1633 470 1704 285111110111111111111,
489 1648 588 1686 nauem
607 1632 731 1686 soluebat
749 1631 849 1687 Vlixes,

265 1718 350 1772 Inrita
367 1720 428 1772 cum
446 1717 515 1771 uelis
533 1717 619 1771 uerba
636 1716 723 1771 tulere
740 1716 805 1771 neti.

230 1806 316 1859 Ardet
332 1809 361 1858 et
378 1804 508 1858 adsuetas
527 1802 605 1857 Circe
624 1803 742 1857 decurrit
761 1804 797 1857 ad
814 1808 903 1868 artes,

266 1889 319 1943 Nec
336 1895 428 1943 tamen
446 1893 490 1942 est
507 1886 560 1941 illis
579 1887 744 1942 adtenuatus
762 1905 846 1943 amor.

230 1975 303 2042 Ergo
321 1973 445 2044 quisquis
464 1989 544 2042 opem
562 1976 658 2028 nostra
674 1974 723 2028 tibi
742 1973 834 2042 poscis
853 1973 887 2028 ab
906 1980 976 2038 arte,

176 2068 217 2107 290
264 2059 349 2114 Deme
366 2058 504 2114 ueneficiis
521 2058 740 2128 carminibusque
757 2056 847 2112 fidem.

231 2146 260 2199 Si
278 2150 306 2199 te
324 2161 408 2199 causa
426 2148 524 2214 potens
543 2143 653 2198 domina
671 2142 797 2197 retinebit
813 2142 842 2196 iu
860 2141 939 2207 urbe,

265 2230 378 2299 Accipe,
398 2228 540 2282 consilium
559 2228 633 2297 quod
651 2227 731 2281 sitin
749 2228 815 2281 urbe
833 2243 932 2281 meum.

231 2315 358 2385 Optimus
375 2313 420 2368 ille
438 2313 490 2367 fuit
508 2313 621 2379 uindex,
640 2312 777 2366 laedentia
794 2317 891 2381 pectus

267 2399 379 2453 Vincula
396 2398 443 2469 qui
460 2397 534 2467 rupit
552 2397 728 2467 dedoluitque
746 2396 838 2452 semel.

177 2492 218 2531 29⁵
231 2484 306 2541 Sicui
323 2488 430 2538 tautum
448 2482 570 2547 animist‚
588 2482 664 2536 illum
683 2482 801 2537 mirabor
818 2482 937 2551 etipse,

265 2569 301 2624 Et
318 2569 407 2623 dicam
425 2566 544 2621 ‘monitis
561 2583 617 2621 uon
634 2571 697 2636 eget
715 2567 767 2622 iste
785 2567 869 2621 meis.’

230 2656 273 2709 'lu
290 2654 367 2719 mibi,
386 2653 434 2723 qui
452 2653 526 2724 quud
544 2669 621 2708 amas
639 2668 720 2722 aegre
738 2651 857 2706 dediscis
875 2666 967 2705 amare

265 2739 320 2794 Nec
336 2742 416 2809 potes
435 2741 463 2792 et
481 2736 566 2792 uelles
583 2753 681 2807 posse,
699 2736 839 2791 docendus
858 2736 920 2790 eris.

231 2825 322 2894 Saepe
338 2825 409 2878 refer
425 2827 515 2878 tecum
534 2822 684 2877 sceleratae
701 2821 777 2876 facta
792 2819 900 2891 puellae

178 2916 218 2955 ³0⁰
267 2909 303 2964 Et
319 2924 391 2980 poue
407 2912 472 2965 aute
489 2907 585 2962 ocules
603 2907 694 2962 omnia
711 2907 811 2961 damna
827 2911 900 2960 tuos.

873 3009 898 3048 ².
