2375 3575
233 453 280 506 198
558 477 668 510 nunnus.

262 606 378 661 Molliter
396 605 507 659 admota
525 605 672 659 sollicttare
690 606 789 658 manu?

187 702 213 739 tt
228 693 283 746 Sed
300 694 447 760 postquam
466 690 554 745 nullas
573 706 737 758 consurgere
756 706 840 758 posse
858 707 910 760 per
928 696 1003 745 artes

260 777 493 845 Inmemoremque
512 776 553 830 sui
572 775 751 844 procubuisse
771 774 858 840 uidet,
905 763 908 769 ¹

226 862 305 929 ‘Quid
324 878 366 914 me
385 860 482 914 lunise’
500 861 540 914 ait
557 860 629 929 ‘quis
647 865 686 924 te,
706 860 874 924 malesane,
894 860 1007 915 iubebat

260 946 413 999 Inualidum
432 949 525 999 nostro
543 961 646 1014 ponere
664 944 785 998 membra
801 944 880 998 toro?

226 1033 281 1085 Aut
298 1035 326 1084 te
344 1030 465 1083 traiectis
485 1032 576 1083 Aeaea
594 1030 717 1083 uenefica
735 1029 805 1083 lanis

187 1125 213 1163 80
261 1117 394 1179 Deuouct‚
414 1121 462 1168 ant
480 1115 533 1168 alio
551 1115 642 1168 lassus
661 1130 752 1167 amore
772 1115 867 1169 uenis.’

226 1201 281 1255 Nec
298 1217 382 1262 mora,
402 1199 513 1252 desiluit
530 1199 624 1252 tunica
642 1198 736 1253 uelata
754 1198 845 1254 soluta
864 1231 896 1239 -

261 1285 296 1338 Et
313 1285 405 1338 decuit
422 1282 511 1338 nudos
529 1284 699 1353 proripuisse
717 1284 802 1354 pedes
825 1316 866 1349 —,

226 1370 300 1424 Neue
318 1386 385 1424 suae
404 1374 517 1438 possent
535 1371 666 1422 intactam
680 1369 754 1423 scire
773 1369 926 1435 ministrae,

261 1455 386 1509 Dedecus
405 1455 457 1508 lroc
476 1460 585 1523 sumpta
605 1453 787 1508 dissimulauit
805 1471 887 1525 aqua.

569 1677 654 1741 VIII.

227 1798 262 1851 Et
280 1796 424 1866 quisquam
444 1796 577 1865 ingenuas
597 1796 758 1866 etiamnunc·
770 1795 886 1864 suscipit
905 1800 990 1855 artes,

260 1884 317 1936 Aut
334 1885 457 1935 tenerum
476 1881 555 1934 dotes
574 1897 683 1934 carmen
702 1880 802 1934 habere
820 1881 918 1949 putat?

227 1968 368 2037 Ingenium
388 1967 525 2036 qnondam
545 1966 637 2019 fuerat
655 1966 801 2034 pretiosius
821 1980 896 2019 auro.

261 2054 298 2111 At
316 2069 387 2105 nuuc
406 2050 559 2105 luarbariast
577 2051 688 2118 grandis
706 2050 806 2104 habere
825 2050 898 2103 nihil.

202 2137 294 2192 sCum
313 2136 426 2205 pulchre
445 2136 570 2189 dominae
590 2136 676 2189 nostri
695 2136 822 2204 placuere
841 2135 935 2200 libelli,
1016 2096 1034 2181 «1

261 2222 320 2289 Quo
339 2221 415 2274 licuit
433 2221 515 2284 libris,
534 2236 588 2273 nou
607 2219 671 2273 licet
688 2220 728 2272 ire
746 2219 818 2272 milri.

226 2308 294 2361 Cum
312 2307 380 2360 bene
400 2305 530 2370 laudauit,
552 2304 664 2358 laudato
683 2305 765 2358 ianua
783 2305 913 2360 clausast.

261 2392 388 2460 Turpiter
406 2391 460 2444 huc
478 2391 540 2444 illuc
558 2390 716 2458 ingeniosus

227 2477 305 2542 Ecce,
324 2492 422 2530 recens
442 2475 519 2529 diues
538 2481 616 2543 parto
636 2492 684 2544 per
702 2475 817 2529 uulnera
835 2491 919 2530 censu

188 2574 211 2612 ro
261 2561 415 2616 Praefertur
434 2560 511 2614 nobis
531 2560 664 2629 sanguine
682 2565 780 2629 pastus
799 2576 891 2630 eques.

226 2648 307 2701 IIunc
325 2650 405 2716 potes
425 2645 552 2714 amplecti
570 2646 712 2710 formosis,
733 2646 801 2710 uita,
820 2645 949 2701 lacertis?

261 2732 348 2785 Huius
367 2731 395 2783 in
414 2730 553 2798 amplexu,
573 2730 643 2794 uita,
663 2731 751 2785 iacere
770 2732 867 2800 potes?

228 2818 256 2870 Si
276 2816 377 2880 nescis,
398 2820 481 2883 caput
500 2817 551 2868 lroc
570 2815 677 2884 galeam
697 2821 806 2884 portare
825 2816 940 2871 solebat.

262 2902 334 2955 Ense
352 2900 425 2953 latus
444 2900 568 2964 cinctum,
588 2901 663 2969 quod
681 2901 729 2955 tibi
748 2903 845 2968 seruit,
864 2908 931 2956 erat.
