2375 3575
477 382 524 418 ans
539 384 683 419 suaronrs.
942 366 976 419 45

208 520 263 574 Nec
281 524 374 574 tamen
392 518 491 573 officiis
508 518 600 573 odium
619 523 765 589 quaeratur
782 520 817 574 ab
836 532 925 587 aegra

243 605 286 659 Sit
304 620 370 660 suus
388 606 416 658 in
433 603 534 659 blanda
551 603 696 658 sedulitate
714 604 818 659 modus.

158 708 198 751 aaa
211 692 285 746 Neue
303 690 364 746 cibo
382 689 495 759 prohibe
513 705 563 743 nec
581 690 666 744 amari
684 690 782 759 pocula
800 690 857 745 suci

242 776 362 845 Porrige.
381 775 474 830 riualis
494 774 607 829 misceat
625 773 672 829 illa
689 780 761 830 tuus.

210 861 264 918 Sed
285 877 339 915 non
357 876 412 930 qno
430 859 545 914 dederas
563 877 580 913 a
599 859 677 914 litore
695 861 810 916 carbasa
827 878 845 915 u
867 869 930 916 ento

243 946 388 1012 Vtendum,
406 946 496 1000 medio
514 960 575 999 cum
593 945 698 1014 potiere
716 946 794 1000 freto.

208 1033 281 1088 Dum
299 1047 388 1086 nouus
406 1036 478 1084 errat
495 1046 579 1094 amor,
598 1033 670 1085 uires
689 1030 740 1086 sibi
759 1030 868 1100 colligat
886 1048 938 1085 usu

161 1140 196 1179 240
244 1118 273 1171 Si
291 1117 360 1172 hene
378 1116 511 1181 nutrieris,
530 1120 653 1186 tempore
671 1116 763 1171 firmus
782 1118 839 1171 erit.

209 1204 296 1271 Quem
313 1206 421 1256 taurum
439 1202 545 1265 metuis,
564 1200 679 1255 uitulum
697 1202 813 1257 mulcere
830 1203 946 1259 solebas.

244 1288 302 1344 Sub
320 1302 375 1357 qua
392 1303 464 1341 nunc
481 1286 596 1342 recubas
615 1287 718 1351 arbore,
736 1288 814 1355 uirga
830 1287 890 1342 fuit.

210 1374 336 1429 Nascitur
353 1373 467 1441 exiguus
486 1371 534 1427 sed
553 1387 621 1441 opes
640 1372 759 1441 adquirit
776 1373 866 1428 eundo

244 1458 359 1529 Quaque
377 1459 452 1512 uenit
470 1457 568 1511 multas
588 1457 689 1527 accipit
706 1458 794 1512 amnis
813 1474 908 1528 aquas.

158 1565 196 1603 111
209 1544 266 1599 Fac
282 1543 333 1599 tibi
352 1548 521 1599 consuescat.
541 1542 579 1596 nil
597 1540 777 1597 adsuetudine
795 1544 890 1600 maius.

243 1629 330 1697 Quam
349 1634 379 1684 tu
398 1629 463 1683 dum
481 1628 582 1697 capias,
601 1628 693 1683 taedia
710 1628 785 1683 nulla
802 1629 873 1698 fuge.

209 1716 248 1771 Te
266 1730 374 1785 semper
391 1713 495 1779 uideat,
513 1714 563 1769 tibi
581 1730 688 1784 semper
705 1715 836 1784 praebeat
853 1732 940 1781 aures,

243 1801 379 1856 Exhibeat
396 1799 488 1854 uultus
506 1816 614 1870 noxque
633 1801 746 1871 diesque
763 1805 834 1856 tuos.

209 1888 278 1943 (lum
295 1886 344 1942 tibi
363 1885 448 1939 maior
466 1887 516 1940 erit
534 1886 634 1940 fiducia
653 1903 736 1957 posse
753 1888 861 1957 requiri,

158 1991 195 2030 reo
244 1972 313 2026 Cum
330 1971 425 2041 procul
443 1972 549 2026 absenti
567 1988 633 2026 cura
650 1973 757 2027 iuturus
776 1973 835 2037 eris,

208 2058 252 2112 Da
270 2056 399 2126 requiem.
417 2057 555 2126 requietus
574 2074 639 2127 ager
657 2059 726 2113 bene
745 2058 848 2112 credite
866 2059 962 2123 reddit,

243 2141 382 2212 Terraque
401 2141 534 2197 caelestes
552 2143 629 2197 arida
647 2144 740 2199 sorbet
757 2159 851 2213 aquas.

207 2227 333 2298 Phyllida
351 2227 528 2296 Demophoon
546 2244 679 2297 praesens
696 2229 862 2285 moderatius
880 2230 963 2294 ussit,

243 2313 355 2368 Exarsit
371 2311 439 2366 uelis
458 2312 548 2368 acrius
565 2313 612 2368 illa
630 2314 711 2368 datis.

159 2417 195 2457 aas
209 2398 365 2468 Penelopen
383 2398 482 2452 absens
500 2399 586 2454 solers
605 2400 749 2470 torquebat
766 2399 864 2456 Vlixes.

243 2482 404 2554 Phylacides
422 2483 528 2548 aberat,
548 2484 706 2550 Laodamia,
725 2489 797 2540 tuus.

208 2567 265 2623 Sed
281 2584 359 2623 mora
375 2573 436 2623 tuta
453 2569 551 2624 breuis.
570 2570 724 2625 lentescunt
740 2574 863 2640 tempore
881 2587 969 2638 curae,

244 2653 427 2724 Vanescitque
445 2654 544 2709 absens
562 2660 590 2708 et
607 2671 695 2710 nouus
713 2655 797 2709 intrat
814 2671 898 2709 amor.

208 2739 281 2794 Dum
299 2738 437 2795 Menelaus
455 2739 546 2806 abest,
563 2739 677 2806 Helene,
696 2757 730 2795 ne
748 2740 807 2795 sola
824 2741 930 2808 iaceret,

160 2844 196 2884 seo
244 2823 368 2894 Hospitis
386 2829 429 2879 est
445 2824 539 2895 tepido
557 2830 638 2880 nocte
654 2831 765 2896 recepta
783 2827 851 2882 sinu.
