2375 3575
231 460 280 511 150
558 480 668 515 aucuns.

227 614 262 665 nt
280 611 350 665 facie
367 613 478 664 tenerae
495 610 609 664 laudata
627 624 710 678 saepe
728 607 838 677 puellae

260 696 303 750 Ad
321 699 413 750 uatem
431 696 546 764 pretium
565 694 693 748 carminis
710 693 774 763 ipsa
791 694 876 747 uenit.

189 792 213 832 aa
228 781 327 850 Magna
345 781 426 835 datur
443 796 556 835 merces.
574 780 687 833 hereum
706 778 781 832 clara
798 777 892 832 ualete

260 865 382 920 Nomina.
402 882 456 919 nun
475 869 568 934 aptast
585 864 675 933 gratia
693 868 787 918 uestra
805 863 880 917 mihi.

227 952 270 1006 Ad
289 968 350 1005 mea
367 952 503 1007 formosos
522 949 614 1004 uultus
633 949 760 1003 adhibete
778 949 889 1018 puellae

261 1036 395 1101 Carmina,
414 1052 567 1105 purpureus
585 1051 657 1105 quae
675 1034 741 1088 mihi
759 1034 847 1087 dictat
865 1037 958 1090 Amor.

600 1259 639 1324 ΙΙ.

227 1379 313 1445 Quem
332 1394 417 1446 penes
436 1384 479 1432 est
497 1377 634 1431 dominam
653 1376 781 1432 seruandi
800 1391 875 1441 cura,
895 1377 998 1445 Bagcc‚

261 1462 331 1515 Dum
350 1478 452 1531 perago
469 1466 559 1516 tecum
579 1478 669 1531 pauca
687 1461 737 1517 sed
756 1465 833 1530 apta,
854 1477 933 1515 naua.

228 1547 363 1601 Hesterna
382 1547 437 1601 uidi
456 1548 622 1617 spatiantem
641 1548 701 1601 luce
719 1546 839 1616 puellam

261 1631 319 1696 illa,
338 1647 409 1701 quae
429 1632 517 1686 Danai
535 1633 658 1702 porticus
677 1647 775 1701 agmen
793 1632 887 1687 habet.

202 1717 360 1781 tPrctinus
381 1723 411 1771 nt
429 1718 537 1788 placuit,
558 1718 621 1772 misi
639 1718 795 1788 scriptoque
812 1718 919 1785 rogaui.

262 1803 413 1873 Rescripsit
430 1804 538 1873 trepida
557 1808 620 1859 ‘non
637 1803 708 1858 licet’
726 1803 773 1857 illa
790 1819 882 1857 mann.

228 1888 270 1952 Et,
290 1905 337 1942 cur
356 1889 516 1953 conticeat,
536 1889 679 1959 quaerenti
696 1888 803 1943 reddita
821 1894 943 1955 causast,

263 1973 342 2040 Quod
360 1973 471 2026 nimium
491 1974 617 2029 dominae
636 1991 701 2029 cura
720 1974 835 2029 molesta
853 1977 940 2029 tuast.

229 2058 257 2113 Si
277 2059 359 2127 sapis,
379 2075 395 2113 c
415 2063 516 2124 custus,
535 2060 628 2113 odium
645 2090 679 2099 -
698 2059 762 2113 mihi
781 2051 867 2113 credc'
880 2090 914 2099 —
932 2060 1025 2114 mereri

191 2155 215 2191 10
264 2143 374 2198 Desine.
394 2161 475 2214 quern
494 2145 590 2198 metuit
609 2145 732 2215 quisque,
751 2144 856 2215 perisse
875 2145 960 2214 cupit

230 2228 274 2282 Vir
293 2245 401 2299 quoque
420 2247 474 2284 non
493 2230 612 2299 sapiens.
638 2230 704 2300 quid
722 2230 792 2284 euim
812 2245 923 2284 seruare
942 2229 1026 2285 labcrr

263 2313 339 2368 Vnde
358 2316 430 2381 nihil,
451 2316 576 2385 quamuis
596 2333 650 2370 non
668 2323 774 2380 tueare,
793 2315 882 2385 perit?

231 2398 285 2452 Sed
303 2405 380 2467 gerat
397 2400 442 2455 ille
461 2419 511 2456 suc
530 2417 631 2455 morem
650 2401 769 2455 furiosus
788 2401 883 2464 amori,

264 2483 299 2537 llt
317 2491 422 2540 castum
441 2487 532 2542 multis
551 2487 625 2556 quod
643 2487 735 2556 placet
752 2502 813 2540 esse
831 2490 917 2555 putet.

195 2585 217 2623 ru
233 2568 303 2622 lluic
321 2571 422 2626 furtiua
440 2578 487 2626 tuo
506 2572 617 2628 libertas
637 2587 747 2626 munere
765 2571 856 2637 detur,

267 2656 353 2723 Quam
373 2657 481 2712 dederis
500 2657 545 2722 illi,
566 2656 663 2711 reddat
681 2661 711 2711 ut
728 2656 776 2711 illa
792 2656 850 2712 tibi.

232 2737 364 2796 Conscius
383 2759 445 2797 esse
464 2742 540 2807 uelis,
561 2742 698 2797 deminuet
716 2741 834 2796 obnoxia
852 2758 941 2797 seruo.

266 2827 398 2882 Conscius
417 2845 479 2883 esse
497 2828 596 2882 times?
614 2827 786 2882 dissimulare
804 2827 875 2881 licet.

233 2913 340 2981 Scripta
359 2913 431 2981 leget
450 2929 550 2967 secum.
571 2916 684 2967 matrem
704 2913 811 2968 misisse
829 2918 936 2982 putatu.
