2375 3575
255 447 307 500 204
582 469 694 504 anonas.

256 598 311 653 Sed
328 598 454 667 glandem
471 614 600 668 quercus,
618 598 729 653 oracula
746 598 847 667 prima,
865 599 986 654 ferebant.
1068 589 1069 635 Ὗ

218 691 242 729 1⁰
290 683 365 737 llaec
382 688 442 737 erat
459 690 487 738 et
503 684 589 737 teneri
608 684 738 752 caespitis
755 684 842 739 herba
859 685 942 740 cibus.

253 767 344 822 Prima
361 768 444 823 Ceres
461 768 553 822 docuit
569 772 726 836 turgescere
744 785 839 823 semen
857 770 886 823 in
903 770 972 839 agris

289 853 370 908 Falce
388 853 524 907 coloratas
541 853 736 922 subsecuitque
754 870 858 910 comas.

254 937 344 992 Prima
361 939 433 1006 iugis
450 944 544 992 tauros
562 954 717 1007 supponere
735 938 806 993 colla
824 940 916 1009 coegit

289 1022 326 1077 Et
344 1028 461 1078 ueterem
481 1039 565 1077 curuo
583 1023 664 1077 dente
682 1023 790 1077 reuellit
807 1024 929 1078 humum.

217 1114 242 1152 1⁵
255 1107 334 1161 llauc
351 1108 496 1178 quisquam
514 1108 633 1162 lacrimis
650 1107 745 1161 laetari
765 1109 853 1163 credit
869 1115 1003 1164 amantum

289 1192 325 1247 lit
342 1193 410 1247 bene
427 1193 569 1247 tormentis
587 1192 767 1262 secubituque
785 1194 856 1247 coli?

253 1278 311 1334 Nec
327 1285 419 1334 tamen
437 1283 492 1343 est,
511 1278 637 1347 quamuis
655 1294 737 1346 agros
755 1283 830 1332 amet
847 1279 896 1332 illa
912 1280 1024 1342 feraces,

289 1364 409 1427 Rustica
428 1378 479 1417 nec
497 1364 609 1417 uiduum
626 1368 724 1432 pectus
741 1363 843 1417 amoris
861 1363 953 1419 habet

255 1449 350 1504 Cretes
368 1454 448 1503 erunt
464 1452 558 1503 testes.
577 1464 628 1502 nec
645 1448 751 1516 fingunt
768 1448 861 1502 omnia
878 1450 981 1504 Gretes.

216 1534 242 1574 ²⁰
290 1534 392 1602 [Crete
412 1534 513 1587 nutrito
530 1540 604 1587 terra
621 1533 741 1602 superba
752 1533 832 1587 lone.

254 1618 323 1684 illic,
342 1618 475 1672 sideream
494 1618 586 1671 muudi
605 1619 651 1688 qui
669 1623 805 1686 temperat
823 1635 928 1685 arcem,

288 1703 411 1771 Exiguus
429 1707 523 1757 tenero
541 1703 586 1756 lac
604 1703 671 1758 bibit
688 1719 736 1757 ore
754 1718 830 1772 puer.

253 1789 354 1858 llagua
370 1789 438 1843 fides
455 1791 528 1843 testi.
546 1790 627 1843 testis
645 1788 772 1842 laudatur
790 1788 923 1860 alumno]

288 1874 435 1929 Fassuram
453 1874 578 1929 Cererem
598 1874 710 1928 crimina
727 1878 793 1927 nota
811 1879 888 1944 puto.

216 1959 242 1998 ²⁵
256 1959 365 2013 Viderat
383 1959 483 2013 Iasium
502 1961 619 2013 Cretaea
636 1959 701 2012 diua
719 1960 770 2013 sub
788 1959 837 2012 lda

288 2044 428 2113 Figentem
448 2049 523 2097 certa
540 2049 619 2114 terga
636 2045 722 2097 ferina
740 2061 830 2097 manu.

253 2129 339 2194 Vidit,
358 2136 386 2183 et
404 2137 434 2183 ut
451 2135 561 2183 tenerae
579 2130 715 2182 flammam
734 2144 849 2198 rapuere
867 2128 1013 2194 medullae,

287 2214 358 2268 Hinc
376 2214 477 2283 pudor,
497 2231 530 2267 ex
547 2214 594 2268 illa
613 2219 691 2283 parte
708 2213 835 2267 trahebat
853 2230 939 2268 amor.

253 2298 347 2353 Victus
366 2313 457 2353 amore
474 2299 571 2369 pudor.
590 2300 683 2353 sulcos
701 2315 778 2353 arere
796 2299 905 2354 uideres

216 2392 242 2433 ao
290 2384 325 2437 Et
342 2390 404 2438 sata
421 2401 482 2437 cum
502 2384 613 2437 minima
629 2388 708 2452 parte
727 2384 815 2437 redire
834 2383 886 2437 sui.

253 2469 321 2522 Cum
340 2469 408 2523 bene
425 2469 518 2523 iactati
538 2469 681 2538 pulsarant
699 2485 766 2522 arua
783 2468 904 2536 ligones,

287 2552 409 2622 Ruperat
426 2558 455 2608 et
472 2554 567 2606 (lunam
586 2570 680 2607 uonrer
698 2553 821 2607 aduncus
839 2554 965 2618 humum,

253 2638 416 2707 Seminaque
434 2639 462 2692 in
480 2638 551 2692 latos
569 2639 657 2692 ierant
675 2638 825 2707 aequaliter
842 2653 937 2706 agros,

288 2721 371 2775 lnrita
389 2723 495 2792 decepti
514 2729 580 2777 uota
598 2723 713 2777 colentis
731 2728 816 2776 eraut.

214 2826 240 2864 as
253 2806 325 2860 Diua
343 2813 441 2876 potens
459 2809 567 2876 frugum
586 2808 663 2862 siluis
682 2808 810 2862 cessabat
828 2808 856 2861 in
874 2807 951 2873 altis,

286 2891 450 2946 Deciderant
466 2893 565 2961 longae
583 2894 678 2963 spicea
695 2897 770 2948 serta
787 2909 890 2946 comae.
