2375 3575
257 465 290 519 54
543 481 591 516 nus
607 481 750 517 sunnonis.

207 637 244 675 ass
258 616 310 672 Hie
327 615 426 687 aliquis
442 615 535 670 ridens
554 616 588 669 ‘in
608 632 657 682 nie,
676 616 824 671 fortissime
841 616 959 683 Mauors,
1050 683 1055 691 Ι

293 703 321 759 Si
339 701 389 757 tibi
408 706 472 756 sunt
489 701 578 767 oneri,
597 701 708 757 uinonla
724 701 850 756 transier’
869 702 916 757 ait.
957 725 960 730 ·

257 788 307 843 Vix
324 787 458 859 precibus,
476 786 608 857 Neptune,
627 787 683 842 tuis
701 788 812 857 captiua
829 786 944 843 resoluit

291 873 419 943 Corpora.
441 871 513 925 Mars
531 871 654 926 Threeen
672 876 796 943 occupat,
814 871 861 927 illa·
878 872 1011 942 Paphum.

257 959 317 1013 Hoe
333 958 383 1013 tibi
400 958 559 1028 profectum,
578 957 704 1013 Vulcano.
724 958 798 1029 quod
816 962 879 1012 ante
896 958 1034 1027 tegebant,

206 1062 243 1101 seo
290 1043 413 1098 Liberius
430 1041 542 1108 faciunt,
561 1046 591 1096 ut
608 1043 697 1113 pudor
714 1044 801 1098 omnis
821 1044 906 1099 abest.

257 1130 345 1199 Saepe
362 1133 454 1184 tamen
472 1127 583 1182 demens
602 1128 684 1183 stulte
700 1129 799 1183 fecisse
816 1128 924 1195 fateris,

290 1214 383 1284 Teque
400 1214 491 1267 ferunt
508 1213 574 1268 artis
592 1214 760 1283 paenituisse
777 1218 849 1269 tuae.

255 1300 317 1355 Hoe
333 1299 416 1353 uetui.
435 1315 494 1365 uos,
514 1314 585 1365 ecoe,
604 1303 681 1354 uetat
698 1300 832 1370 deprensa
850 1301 938 1355 Dione

290 1385 406 1440 Insidias
424 1384 492 1451 illas,
512 1400 581 1455 quas
599 1385 662 1439 tulit
678 1386 748 1455 ipsa,
768 1385 840 1440 dare.

207 1487 243 1525 ees
258 1470 313 1525 Nee
331 1487 381 1525 uos
399 1469 477 1525 niuali
495 1470 609 1541 laqueos
628 1471 764 1541 disponite
782 1487 833 1526 neo
850 1488 901 1527 uos

290 1555 415 1626 Excipite
432 1572 532 1610 areana
549 1556 633 1611 uerba
652 1560 747 1611 notata
764 1573 853 1611 manu.

257 1642 314 1697 Ista
330 1640 382 1695 uiri
401 1645 519 1712 captent
538 1641 634 1696 eiiam
653 1642 789 1712 captanda
806 1643 956 1713 putabunt,

291 1726 365 1795 Quos
383 1726 466 1782 faciet
483 1727 569 1782 iustos
587 1727 659 1798 ignis
678 1730 705 1781 et
722 1728 797 1782 unda
814 1728 896 1783 uiros.

256 1814 305 1875 En,
324 1813 422 1868 iterum
439 1817 533 1868 testor.
550 1813 616 1868 nihil
634 1814 679 1868 hie
696 1814 748 1870 nisi
766 1814 825 1883 lege
843 1815 987 1871 remissurn

163 1936 168 1946 .
205 1911 243 1951 eoo
290 1899 411 1954 Luditur.
430 1899 459 1952 in
476 1900 576 1954 nostris
594 1900 690 1954 instita
707 1899 781 1954 nulla
797 1900 873 1956 iocis.

257 1984 324 2052 Quis
342 1984 447 2040 Cereris
465 1985 534 2040 ritus
552 1985 626 2040 ausit
643 1985 755 2054 uulgare
774 1985 896 2056 profanis

289 2070 442 2141 Magnaque
460 2069 584 2125 Threicia
601 2087 679 2125 saera
697 2076 804 2141 reperta
823 2070 923 2126 Samo?

149 2176 152 2181 ·
256 2156 390 2226 Exiguast
407 2155 495 2210 uirtus
513 2159 654 2225 praestare
673 2156 781 2211 silentia
799 2157 888 2212 rebus.

290 2244 327 2296 At
343 2245 439 2297 eontra
456 2242 548 2312 grauis
566 2246 609 2296 est
627 2241 708 2312 eulpa
725 2243 842 2297 tacenda
858 2243 942 2314 ioqui.

205 2328 279 2383 6050
299 2328 375 2393 bene,
394 2327 468 2398 quod
484 2327 586 2382 frustra
603 2328 720 2397 captetis
739 2328 833 2382 arbore
850 2329 941 2397 pomis

291 2413 421 2468 Garrulus
439 2413 467 2467 in
485 2412 574 2467 media
592 2412 723 2468 Tantalus
742 2416 800 2468 aret
818 2429 897 2484 aqua.

255 2498 404 2569 Praecipue
421 2498 555 2567 Cytherea
573 2499 647 2553 iubet
665 2516 716 2554 sna
733 2515 813 2554 saera
829 2500 921 2553 taceri.

289 2583 438 2650 Admoneo,
458 2583 550 2639 ueniat
567 2584 663 2655 nequis
682 2585 717 2639 ad
735 2584 781 2639 iila
798 2584 906 2654 loquax.

258 2668 375 2723 Condita
392 2669 415 2724 si
434 2685 488 2724 non
507 2674 571 2723 sunt
590 2669 700 2724 Veneris
720 2669 849 2741 mysteria
869 2671 954 2737 cistis,

206 2763 244 2802 ero
292 2753 348 2807 Nee
366 2769 435 2808 caua
452 2755 580 2809 uaesanis
599 2755 697 2811 ictibus
716 2772 781 2810 aera
799 2759 906 2821 sonant,

256 2842 386 2894 Attamen
404 2840 473 2894 inter
491 2856 541 2894 nos
560 2840 649 2895 medio
669 2844 812 2895 uersentur
828 2840 858 2893 in
875 2857 941 2907 usu,

291 2925 345 2980 Sed
365 2926 413 2991 sic,
431 2927 569 2981 internos
588 2931 618 2980 nt
636 2927 750 2981 latuisse
768 2925 861 2980 uelint.
