2375 3575
241 477 272 530 10
519 501 566 535 sne
579 502 719 535 sunnonis.

240 628 350 685 Scilicet
367 646 401 685 ex
417 629 463 685 illo
481 630 624 685 sollemnia
640 646 715 685 more
732 631 841 686 theatra

272 714 349 770 Nunc
367 730 476 785 quoque
493 714 621 771 formosis
638 716 771 771 insidiose
783 719 901 771 manent.

188 808 225 847 135
240 800 294 856 Nec
311 803 339 855 te
356 798 487 855 nobilium
504 800 592 871 fugiet
609 805 746 855 certamen
764 817 903 871 equorum.

274 884 359 939 Multo
375 901 463 955 capax
480 885 574 955 populi
592 887 734 941 commoda
753 887 841 942 circus
858 886 950 942 habet.

240 970 283 1024 Nil
300 985 369 1040 opus
387 970 553 1039 estdigitis,
572 986 621 1039 per
638 986 707 1040 quos
725 987 827 1025 arcena
843 970 978 1041 loquaris,

276 1055 331 1111 Nec
347 1055 397 1110 tibi
414 1071 463 1125 per
480 1059 563 1110 nutus
581 1055 741 1125 accipienda
759 1059 860 1111 notast.

241 1140 382 1196 Proximus
400 1156 418 1194 a
435 1140 545 1196 domina
563 1140 636 1195 nullo
654 1142 814 1210 prohibente
832 1142 935 1207 sedete,

189 1234 226 1271 1⁴⁰
273 1225 358 1294 Iunge
375 1227 453 1279 tuum
470 1224 548 1280 lnteri
566 1241 622 1296 que
639 1230 717 1296 potes
736 1225 823 1297 usque
840 1226 921 1281 lutus.

239 1309 372 1376 lichene,
391 1311 465 1380 quod
483 1311 568 1380 cogit,
587 1310 612 1365 si
629 1311 708 1377 nolit,
733 1311 805 1365 linea
821 1310 909 1381 iungi,

274 1394 354 1463 Quod
370 1395 422 1451 tibi
438 1396 606 1465 tangendast
623 1394 683 1465 lege
700 1395 792 1465 puella
809 1395 870 1450 loci.

240 1479 292 1535 Hic
308 1481 357 1537 tibi
375 1484 521 1551 quaeretur
539 1480 607 1535 socii
625 1480 758 1536 sermonis
776 1480 859 1550 origo,

273 1564 309 1620 Et
325 1567 455 1620 moueant
470 1565 572 1634 primos
590 1564 700 1634 publice
717 1565 801 1620 uerba
818 1581 908 1620 sonos.

188 1658 225 1697 111
239 1650 322 1705 (iuius
340 1650 403 1721 equi
421 1650 545 1715 ueniant,
563 1649 659 1716 facito,
679 1649 813 1716 studiose,
836 1649 968 1720 requires.

272 1734 328 1791 Nec
344 1751 432 1800 more,
451 1734 576 1806 quisquis
594 1735 658 1801 erit,
677 1735 720 1790 cui
738 1733 888 1801 faustine,
907 1734 980 1791 fauo.

240 1822 277 1876 At
294 1837 356 1876 cum
373 1836 475 1890 pompa
491 1820 620 1890 frequens
638 1821 806 1876 certantibus
824 1821 874 1876 ibit
891 1822 1013 1891 ephebis,

274 1905 316 1961 Tu
334 1905 431 1961 Veneri
449 1905 575 1960 dominae
592 1905 693 1975 plaude
710 1905 821 1960 fauente
839 1923 929 1960 manu.

241 1992 330 2062 thue
347 1991 385 2056 fit,
403 1990 432 2045 iu
448 1989 580 2059 gremium
598 1989 690 2059 puluis
708 1990 731 2045 si
749 1990 820 2044 forte
837 1990 945 2059 puellae

190 2085 227 2123 1⁵0
274 2075 418 2142 Deciderit,
437 2074 529 2145 digitis
547 2075 725 2130 excutiendus
744 2075 801 2129 erit.

241 2159 313 2216 Etsi
330 2160 420 2216 nullus
438 2161 488 2215 erit
505 2158 608 2229 puluis,
629 2165 721 2214 tamen
734 2163 830 2215 excute
844 2160 956 2215 nulium.

274 2243 417 2314 Quaelibet
433 2245 524 2300 officio
542 2261 627 2300 censa
645 2245 680 2300 sit
698 2249 764 2315 apta
780 2252 838 2300 tuo.

241 2331 326 2386 Pallia
343 2331 370 2386 si
385 2337 458 2385 terre
476 2331 587 2385 nimium
605 2330 725 2385 demissa
742 2330 882 2396 iacebunt,

276 2415 379 2486 Collige
397 2420 425 2470 et
442 2416 573 2470 inmunda
590 2414 701 2470 sedulus
720 2414 785 2470 effer
802 2415 893 2469 humo.

191 2507 229 2546 111
242 2501 369 2556 Protinus
387 2500 472 2556 officii
490 2500 607 2572 pretium
624 2500 746 2572 patiente
764 2500 855 2571 puelia

274 2585 439 2655 Contingent
456 2585 542 2642 oculis
560 2602 639 2642 crura
655 2585 774 2640 uideuda
790 2585 853 2640 tuis.

242 2670 358 2742 Respice
374 2674 527 2740 praeterea,
550 2675 615 2741 post
633 2687 683 2726 uos
702 2670 865 2741 quicumque
883 2670 1003 2736 sedebit,

274 2754 313 2809 Ne
331 2760 436 2826 premat
453 2755 582 2826 opposito
603 2755 693 2810 mollia
710 2761 788 2826 terga
805 2771 885 2825 genn.

239 2839 329 2894 Parus
345 2839 414 2896 leuis
432 2841 543 2912 capiunt
561 2841 675 2896 animos.
693 2840 745 2895 fuit
763 2841 828 2895 utile
847 2841 938 2896 multis

190 2937 227 2977 neo
275 2924 419 2980 Puluiuum
436 2925 511 2982 facili
528 2927 717 2996 composuisse
734 2942 825 2981 menu.
