2375 3575
251 449 299 501 154
577 470 688 506 suosne.

282 601 420 671 Spemque
438 599 531 654 datin
550 598 623 653 molli
641 599 748 655 mobilis
766 616 829 655 esse
846 604 918 655 toro.

211 700 235 737 ro
249 688 356 755 Aspera
373 685 396 740 si
414 683 503 739 uisast
520 683 678 753 rigidasque
694 684 803 740 imitata
818 684 950 750 Sabinas,

281 770 357 825 Velle
375 769 425 824 sed
443 784 476 822 ex
494 768 550 823 alto
568 768 739 823 dissimulare
757 773 834 839 puto.

249 855 314 913 Siue
332 871 361 910 es
380 854 474 919 docta,
492 853 586 923 places
604 869 681 909 raras
699 854 796 909 dotata
812 870 862 924 per
880 860 968 912 artes.

282 939 346 995 Siue
363 939 452 1004 mdis,
470 938 596 1009 placita’s
615 938 789 1007 simplicitate
806 944 863 993 tua

248 1026 309 1090 Est,
329 1041 400 1095 quae
417 1023 576 1079 Callimachi
593 1040 660 1093 prae
679 1024 779 1079 uostris
796 1024 903 1079 rustica
921 1026 994 1080 dicat

209 1123 234 1163 ao
282 1110 415 1165 Carmina.
434 1108 478 1162 cui
495 1109 606 1178 placeo,
622 1108 747 1178 protinus
765 1109 828 1180 ipsa
845 1108 947 1179 placet

248 1195 299 1249 list
316 1194 410 1259 etiam,
429 1209 500 1263 quae
518 1209 561 1247 me
579 1196 672 1248 uatem
690 1199 718 1248 et
735 1210 796 1250 mea
814 1195 937 1250 carmina
955 1195 1047 1264 culpet

283 1279 426 1349 Culpantis
444 1278 550 1349 cupiam
569 1279 734 1334 sustinuisse
751 1280 848 1334 femur.

248 1365 363 1419 Molliter
379 1364 489 1417 incedit.
508 1367 583 1418 motu
603 1365 684 1434 capit.
702 1363 788 1419 altera
805 1365 912 1420 durast.

282 1451 319 1505 At
335 1449 437 1519 poterit
452 1452 528 1503 tacto
545 1448 651 1503 mollior
668 1465 730 1505 esse
747 1450 814 1504 uiro.

211 1546 236 1586 ar
248 1536 324 1591 Haec
344 1534 409 1605 quia
426 1534 505 1589 dulce
523 1534 598 1588 cauit
614 1534 754 1605 flectitque
772 1534 903 1591 facillima
921 1552 1026 1591 vocem.

283 1619 384 1674 Oscula
402 1619 523 1673 cantanti
541 1622 622 1689 rapta
640 1619 749 1675 dedisse
767 1620 856 1675 uelim.

249 1705 325 1760 Haec
343 1704 471 1775 querulas
489 1703 572 1759 habili
590 1705 725 1774 percurrit
741 1705 840 1774 pollice
859 1706 986 1761 chordas.

283 1790 350 1844 Tam
370 1790 465 1844 doctas
483 1790 544 1859 quis
563 1806 619 1844 non
636 1790 725 1861 possit
742 1807 834 1846 amare
852 1793 970 1847 manus?

250 1876 300 1930 Illa
316 1875 408 1945 placet
425 1876 505 1943 gestu
523 1891 723 1946 numerosaque
740 1876 853 1931 brachia
871 1877 948 1932 ducit

211 1974 236 2013 co
284 1960 459 2015 ettenorum
476 1959 550 2013 molli
568 1964 680 2031 torquet
698 1961 733 2016 ab
751 1964 809 2016 arte
827 1960 910 2017 latus.

251 2047 285 2101 Vt
302 2050 409 2100 taceam
427 2045 461 2098 de
479 2061 534 2109 me,
554 2045 601 2115 qui
620 2062 705 2101 causa
722 2049 822 2115 tangor
840 2047 874 2101 ab
894 2048 983 2112 omui,

284 2131 341 2185 Illic
358 2129 537 2200 Hippolytum
554 2146 638 2199 pone,
658 2131 773 2201 Priapus
792 2132 850 2187 erit.

250 2217 304 2280 Tu,
323 2217 388 2286 quia
404 2220 460 2269 tam
479 2214 597 2283 longas,
616 2220 723 2271 ueteres
742 2216 870 2272 heroidas
888 2233 1006 2289 aequas.

284 2302 320 2356 Et
337 2306 416 2371 potes
434 2301 462 2354 iu
480 2303 539 2355 toto
557 2301 643 2355 multa
660 2301 749 2356 iacere
766 2306 836 2356 toro.

211 2397 236 2435 ³³
251 2387 327 2441 Haec
344 2385 443 2440 habilis
462 2386 596 2440 breuitate
614 2390 700 2442 suast.
721 2402 879 2456 corrumpor
897 2391 1022 2459 utraque.

284 2471 457 2527 Gouueniunt
474 2476 540 2525 uoto
557 2471 641 2541 longa
658 2471 804 2542 brenisque
822 2487 893 2526 meo.

249 2557 308 2611 Non
327 2561 369 2611 est
387 2556 468 2610 culta.
487 2556 572 2621 subit,
592 2556 658 2626 quid
677 2556 767 2611 cultae
785 2557 916 2612 accedere
933 2559 1031 2627 possit.

287 2642 424 2696 Ornatast.
444 2641 522 2696 dotes
540 2641 650 2697 exhibet
666 2642 729 2711 ipsa
746 2658 820 2696 suas.

252 2729 375 2782 Candida
394 2743 436 2782 me
455 2729 556 2796 capiet,
576 2728 667 2797 capiet
684 2745 728 2782 me
745 2728 819 2783 flaua
836 2727 941 2798 puella,

212 2822 240 2859 ⁴⁰
287 2813 338 2868 Est
355 2813 437 2867 etiam
455 2813 483 2866 in
501 2813 580 2867 fusco
599 2816 679 2881 grata
696 2813 786 2868 colore
804 2829 901 2868 uenus.

252 2897 306 2952 Seu
326 2899 445 2967 pendent
462 2898 544 2952 niuea
560 2898 627 2968 pulli
646 2898 752 2953 ceruice
770 2897 874 2968 capilli,
