2375 3575
250 447 285 499 90
515 470 632 504 murenis
645 469 747 504 anonas

249 598 314 667 Qui,
333 598 385 655 nisi
403 598 524 664 desierit,
544 599 642 654 misero
659 598 796 669 periturus
814 604 947 683 amorest,

283 684 405 740 Desinat.
424 688 452 739 et
469 683 535 738 nulli
552 683 656 752 funeris
674 687 770 739 auctor
787 683 851 740 eris.

249 770 285 824 Et
302 786 370 841 puer
387 786 429 835 es,
449 774 544 825 necte
561 769 706 840 quicquam
725 769 777 825 nisi
794 769 889 825 ludere
907 774 1015 841 oportet

285 856 372 911 Lude!
390 855 489 910 decent
507 871 593 928 annes
612 854 703 910 mollia
720 870 805 925 regna
822 859 894 911 tuos.

210 948 235 988 2⁵
249 940 327 1008 [Nam
345 944 455 1011 peteras
473 940 514 994 nti
531 940 611 995 nudis
630 940 664 994 ad
682 939 754 995 bella
771 940 895 1009 sagittis,

282 1026 337 1082 Sed
355 1030 403 1080 tua
420 1025 557 1080 mortifero
576 1024 709 1095 sanguine
726 1025 782 1079 tela
799 1030 915 1095 carent]

247 1110 365 1166 Vitricus
383 1115 412 1166 et
428 1110 526 1180 gladiis
544 1115 572 1165 et
590 1113 672 1165 acuta
689 1110 798 1166 dimicet
815 1111 898 1167 hasta

281 1196 316 1250 Et
334 1196 421 1251 uictor
438 1195 524 1251 multa
542 1196 626 1252 caede
645 1199 772 1251 cruentus
791 1200 845 1251 eat.

248 1281 289 1336 Tu
307 1281 365 1337 cole
383 1285 534 1345 maternas,
551 1283 612 1335 tuto
631 1281 729 1351 quibus
748 1281 858 1349 utimur,
878 1287 965 1351 artes,

210 1375 235 1415 ³0
281 1366 317 1421 Et
334 1383 447 1438 quarum
465 1366 532 1421 uitio
550 1366 625 1421 nulla
642 1366 673 1421 fit
689 1367 756 1422 orba
773 1383 882 1436 parens.

247 1452 331 1508 Effice
349 1457 482 1507 nocturna
498 1453 639 1522 frangatur
656 1452 740 1507 ianua
756 1452 826 1517 rixa,
893 1485 898 1494 ·

281 1537 317 1592 Et
333 1542 410 1608 tegat
426 1542 537 1594 ornatas
555 1538 640 1593 multa
658 1553 759 1593 corona
775 1537 861 1604 iores,

247 1623 302 1678 Fac
321 1626 419 1678 coeant
436 1623 528 1678 furtim
546 1624 659 1678 iuuenes
676 1621 843 1694 timidaeque
860 1624 980 1694 puellae,

281 1709 423 1779 Verbaque
441 1708 507 1763 dent
525 1712 605 1764 cauto
624 1708 746 1779 qualibet
762 1712 821 1763 arte
839 1708 912 1776 niro,

209 1802 234 1841 ³5
246 1794 282 1849 Et
299 1795 379 1849 modo
396 1794 555 1860 blanditias,
574 1794 662 1864 rigide
680 1795 761 1850 modo
779 1795 868 1864 iurgia
884 1797 961 1866 pesti

281 1878 373 1945 Dicat,
392 1883 421 1933 ct
438 1879 563 1934 exclusus
581 1879 669 1934 flebile
687 1884 780 1935 cantet
799 1896 903 1936 amans.

248 1964 296 2019 His
313 1963 430 2019 lacrimis
449 1969 593 2020 contentus
611 1965 664 2020 eris
683 1966 742 2021 sine
759 1965 870 2021 crimine
888 1967 991 2023 mortis.

281 2049 339 2104 Non
357 2055 406 2104 tna
422 2050 469 2104 iar
486 2050 582 2106 auidos
601 2051 684 2120 digna
702 2051 792 2106 subire
809 2053 910 2121 rogos!

246 2134 322 2190 Haec
340 2151 399 2204 ego.
418 2136 503 2190 mouit
520 2138 604 2191 Amor
621 2139 771 2206 gemmatas
790 2152 889 2192 aureus
908 2137 967 2194 alas

208 2228 234 2266 ⁴0
282 2220 317 2274 Et
334 2221 399 2276 mihi
417 2222 594 2291 ‘propesitum
612 2221 720 2291 perfice'
739 2221 806 2276 dixit
824 2222 921 2292 ‘epus’

247 2306 289 2359 Ad
307 2322 379 2372 mea,
398 2306 506 2376 decepti
523 2305 649 2373 iuuenes,
667 2311 815 2377 praecepta
832 2307 937 2374 uenite,

281 2390 355 2458 Quos
374 2408 440 2446 suus
459 2392 582 2446 exomni
600 2397 678 2462 parte
696 2391 791 2446 fefellit
809 2409 893 2446 amor.

246 2475 349 2531 Discite
367 2477 469 2543 sanari,
488 2494 536 2547 per
555 2493 634 2548 quem
653 2477 785 2532 didicistis
803 2494 903 2534 amare.

281 2561 340 2616 Vna
357 2578 453 2617 manus
470 2562 549 2618 nobis
567 2562 666 2618 uulnus
684 2579 819 2633 spemque
837 2562 915 2618 ieret

207 2652 234 2693 ⁴⁵
247 2645 330 2700 Terra
348 2647 481 2703 salutares
499 2648 597 2704 herbas
616 2648 764 2718 eademqne
783 2655 913 2704 nocentes

280 2731 375 2797 Nntrit,
394 2736 422 2786 et
439 2733 542 2789 urticae
560 2733 683 2803 proxima
701 2749 785 2803 saepe
802 2739 902 2789 resast

245 2816 348 2871 Vulnus
366 2816 393 2871 in
411 2817 544 2873 Herculeo
564 2833 634 2888 quae
653 2819 790 2889 quendam
807 2818 910 2875 iecerat
927 2819 1019 2887 hoste,

280 2901 403 2958 Vulneris
421 2903 549 2957 auxilium
568 2902 656 2958 Pelias
673 2904 754 2960 hasta
771 2903 841 2958 tulit.
