2375 3575
490 461 536 495 ans
550 460 689 494 amarorum.
942 436 973 488 71

158 604 196 643 eor
209 592 264 649 Sed
277 592 314 647 sit
332 595 362 645 ut
377 592 407 645 in
418 589 619 646 multismodus
638 589 681 643 hic
693 604 810 659 quoque.
828 588 946 643 misticus
959 586 1028 644 ulter

240 677 339 742 Motus,
358 692 489 730 concesso
507 674 612 729 mollior
629 674 698 729 alter
715 674 774 728 erit.

206 764 274 818 Pars
293 763 377 817 umeri
393 766 485 817 tamen
502 760 558 815 ima
574 760 622 826 tui,
642 776 706 829 pars
725 775 831 814 summa
847 757 943 814 lacerti

241 847 321 902 Nuda
338 848 382 913 sit
401 864 418 902 a
435 846 515 901 laeua
533 845 727 915 conspicienda
745 861 834 899 mann.

208 933 268 987 Hoc
286 948 336 987 uos
353 932 506 1003 praecipue,
525 932 629 1007 niueae,
649 930 734 985 decet.
752 929 805 984 hoc
822 929 868 984 ubi
886 929 950 993 uidi,

160 1031 197 1070 aro
243 1017 344 1073 Oscula
361 1017 430 1071 terre
448 1032 548 1081 umero,
567 1032 622 1086 qua
640 1018 717 1085 patet
735 1030 833 1084 usque,
851 1014 925 1069 libet.

208 1104 329 1158 hlonstra
346 1102 428 1157 maris
447 1102 556 1158 Sirenes
574 1104 658 1167 erant,
678 1117 747 1171 quae
766 1115 833 1154 uoce
852 1114 952 1153 canora

243 1188 397 1256 Quamlibet
414 1188 548 1242 admissas
567 1186 707 1241 detinuere
725 1188 805 1241 rates.

211 1274 260 1328 His
278 1291 330 1328 sua
347 1272 505 1345 Sisyphides
523 1272 624 1327 auditis
642 1288 729 1341 paene
747 1270 861 1326 resoluit
940 1284 961 1348 ι·

244 1360 373 1429 Corpora.
391 1375 452 1413 nam
471 1358 556 1412 sociis
573 1358 650 1412 inlita
668 1373 730 1412 cera
747 1357 806 1411 fuit.
947 1423 948 1428 ἵ

164 1444 268 1499 stelles
283 1449 326 1499 est
342 1444 442 1499 blanda
460 1459 549 1497 canor.
570 1443 677 1498 discant
694 1445 805 1497 cantare
822 1441 938 1511 puellae.

241 1529 294 1583 Pro
312 1529 383 1583 facie
400 1528 491 1583 multis
511 1545 563 1581 uox
581 1545 632 1582 sua
649 1527 712 1581 lena
728 1527 787 1581 fnit.

208 1614 244 1669 Et
262 1614 342 1669 modo
360 1615 517 1669 marmoreis
534 1614 654 1668 referant
671 1612 765 1667 audita
781 1612 895 1667 theatris

241 1700 278 1754 Et
294 1700 375 1754 modo
393 1699 502 1754 Niliacis
520 1700 641 1753 carmina
657 1698 717 1753 lusa
736 1698 831 1753 modis.

206 1786 262 1842 Nec
280 1785 410 1856 plectrum
428 1786 524 1840 dextra
540 1785 672 1840 citharam
689 1784 811 1838 tenuisse
828 1782 939 1838 sinistra
1029 1797 1031 1803 ’

159 1881 195 1921 ³2⁰
241 1872 351 1927 Nesciat
368 1872 479 1927 arbitrio
498 1871 597 1925 femina
615 1870 696 1925 doctu
713 1886 781 1924 meo.

210 1958 284 2014 Saxa
300 1958 427 2027 ferasque
444 1956 503 2028 lyra
520 1956 607 2010 mouit
624 1955 799 2025 Rhodopeius
818 1954 943 2024 Orpheus

242 2042 443 2112 Tartareosque
461 2041 537 2096 lacus
554 2041 788 2110 tergeminumque
806 2055 908 2094 canem.

211 2127 285 2183 Saxa
301 2131 350 2182 tuo
368 2131 457 2192 cantu,
477 2127 576 2181 uindex
593 2126 743 2181 iustissime
761 2123 863 2189 matris,

241 2212 376 2267 Fecerunt
393 2228 485 2266 muros
503 2212 627 2266 officiosa
644 2227 739 2265 nouos.

158 2308 197 2348 tau
210 2298 342 2366 Quamuis
359 2302 451 2353 mutus
469 2302 534 2362 erat,
554 2297 616 2351 uoci
633 2296 736 2351 lauisse
754 2297 865 2366 putatur

242 2382 329 2437 Piscis
349 2383 474 2437 Arioniae
493 2382 585 2437 fabula
604 2386 669 2436 nota
686 2381 769 2452 lyrae.

211 2467 294 2522 Disce
312 2468 393 2523 etiam
411 2467 513 2538 duplici
530 2466 649 2538 genialia
667 2465 758 2520 nablia
775 2465 866 2535 palma

243 2553 361 2607 Vertere.
380 2553 545 2607 conueniunt
562 2552 686 2607 dulcibus
704 2550 750 2604 illa
766 2550 843 2606 iocis.

209 2638 253 2692 Sit
269 2637 319 2692 tibi
336 2637 506 2703 Callimachi,
526 2638 561 2692 sit
579 2637 629 2692 Ooi
647 2640 713 2691 nota
731 2640 843 2706 poetae,

158 2736 196 2774 rao
245 2722 287 2778 Sit
305 2739 413 2794 quoque
431 2723 519 2778 uinosi
538 2722 605 2777 Teia
621 2722 700 2776 Musa
718 2722 800 2776 senis.
899 2754 903 2765 ·

207 2809 279 2863 Nota
297 2810 333 2864 sit
350 2814 378 2864 et
395 2810 508 2880 Sappho
528 2839 559 2847 -
577 2807 643 2877 qnid
661 2806 731 2861 enim
749 2805 880 2861 lasciuius
897 2805 960 2860 illa?
982 2837 1014 2846 —

243 2893 329 2948 Cniue
347 2898 424 2964 pater
444 2893 511 2948 uafri
530 2893 632 2947 luditur
650 2896 709 2946 orte
727 2893 820 2948 Getae.
