2375 3575
232 451 279 502 ¹06
492 472 611 507 nnuma
625 472 728 506 meurs.

229 602 315 657 Marte
333 618 383 657 suo
402 606 511 672 captam
529 600 679 673 Chryseida
697 600 785 654 uietor
802 599 924 655 amabat.

177 701 216 739 iro
263 690 300 742 At
318 687 408 742 senior
426 686 510 741 stulte
526 686 611 741 flebat
628 686 729 755 ubique
746 689 833 756 pater.

229 773 299 841 Quid
317 772 456 838 lacrimas,
475 772 569 826 odiose
587 772 688 827 senex?
706 771 775 833 bene
792 772 926 826 conuenit
942 772 1005 827 illis:

263 858 359 913 Oflieio
378 861 469 912 natam
486 857 586 922 laedis,
606 858 709 925 inepte,
728 862 784 911 tuo.

230 944 317 1010 Quam
333 946 480 1013 postquam
498 941 575 996 reddi
593 940 722 1005 Galehas,
741 956 793 1010 ope
812 945 890 996 tutus
910 941 1031 1005 Achillis,

262 1030 394 1094 Iusserat,
413 1031 441 1082 et
458 1027 575 1097 patriast
591 1025 639 1079 illa
656 1029 768 1095 recepta
785 1026 880 1093 domo,

176 1126 215 1163 475
230 1113 294 1168 ‘Est’
312 1114 351 1169 ait
368 1113 478 1168 Atrides
497 1112 576 1166 ‘illius
594 1110 718 1182 proxima
735 1111 835 1177 forma,

263 1199 310 1265 Et,
328 1199 350 1253 si
368 1199 457 1269 prima
474 1198 547 1252 sinat
564 1197 681 1270 syllaba,
701 1213 799 1251 nomeu
817 1197 911 1252 idem*

228 1285 306 1338 Hane
323 1284 400 1348 mihi,
419 1283 443 1338 si
461 1284 563 1353 sapiat,
582 1299 631 1352 per
650 1300 680 1337 se
698 1283 832 1338 concedat
849 1283 981 1338 Achilles.

263 1370 291 1425 Si
309 1369 411 1433 minus,
429 1368 573 1439 imperium
592 1369 693 1423 sentiat
709 1368 754 1423 ille
772 1384 871 1422 meum.

229 1455 308 1522 Quod
326 1453 412 1524 siquis
431 1457 553 1508 uestrum
570 1452 674 1507 factum
691 1453 744 1508 hoe
761 1453 883 1523 incusat,
903 1454 1010 1517 Achiui,

178 1550 217 1588 480
265 1540 315 1594 Est
333 1539 436 1609 aliquid
453 1538 546 1593 ualida
563 1545 674 1609 seeptra
691 1544 783 1593 tenere
801 1554 894 1593 mauu.

229 1626 296 1679 Nam
315 1625 339 1679 si
356 1641 404 1679 rex
421 1639 473 1692 ego
491 1640 563 1688 sum,
583 1639 634 1677 nee
651 1639 756 1677 meeum
775 1623 894 1678 dormiat
911 1624 978 1690 ulla,

263 1711 292 1763 ln
311 1726 372 1764 mea
390 1709 529 1764 Thersites
547 1724 633 1777 regua
649 1708 742 1764 licebit
759 1709 821 1763 eat'

228 1796 303 1849 Dixit
321 1799 348 1850 et
365 1795 435 1849 haue
452 1795 548 1849 habuit
565 1794 668 1849 solania
686 1810 786 1864 magua
802 1794 915 1864 prioris,

263 1880 298 1934 Et
316 1880 435 1949 positast
453 1894 518 1933 eura
536 1896 602 1933 eura
620 1881 729 1949 repulsa
746 1896 828 1933 noua.

179 1977 217 2014 48⁵
230 1967 302 2034 Ergo
321 1965 434 2020 adsume
457 1981 543 2019 nouas
566 1970 678 2018 auctore
696 1966 901 2034 Agamemnone
919 1965 1047 2029 flammas,

264 2051 298 2104 Vt
315 2055 380 2104 tuus
398 2050 426 2104 iu
443 2050 516 2105 biuio
535 2050 697 2104 distineatur
716 2066 798 2104 amer.

230 2137 357 2203 Quaeris,
376 2136 422 2190 ubi
439 2135 581 2189 inuenies?
601 2140 674 2190 artes
691 2135 700 2189 i
719 2135 828 2204 perlege
846 2142 966 2190 nostras.

264 2221 347 2275 Plena
364 2220 515 2290 puellarum
533 2219 588 2273 iam
605 2220 654 2274 tibi
672 2221 751 2275 nauis
769 2221 827 2274 erit.

230 2307 310 2373 Quod
327 2306 419 2376 siquid
436 2310 584 2376 praecepta
603 2305 696 2359 ualent
712 2321 785 2370 mea,
804 2305 896 2377 siquid
914 2306 1015 2376 Apollo

178 2404 217 2442 teo
265 2391 332 2446 Vtile
351 2391 479 2445 mortales
496 2390 627 2460 perdocet
645 2406 691 2444 ore
710 2406 781 2454 meo,

230 2477 361 2543 Quamuis
378 2476 470 2530 infelix
489 2476 578 2530 media
594 2476 740 2531 torreberis
758 2478 847 2530 Aetna

265 2560 397 2630 Frigidior
414 2560 502 2629 glaeie
520 2560 564 2615 lae
583 2561 693 2615 uideare
710 2568 782 2615 tuae.

230 2645 265 2699 Et
284 2663 380 2700 sanum
397 2646 507 2711 simula,
527 2663 588 2711 nee,
609 2645 700 2715 siquid
718 2646 788 2701 forte
807 2646 926 2713 dolebis,

265 2732 382 2796 Sentiat,
402 2731 516 2796 stride,
537 2748 598 2785 eum
616 2731 665 2786 tibi
684 2731 790 2786 flendus
809 2733 869 2786 eris.

180 2828 218 2865 reu
231 2815 290 2869 Non
307 2832 359 2884 ego
376 2822 404 2870 te
421 2817 502 2871 iubeo
521 2816 625 2870 medias
645 2818 806 2886 abrumpere
824 2832 914 2872 ouras.

265 2901 324 2953 Non
342 2910 406 2954 suut
424 2902 528 2971 imperii
546 2909 603 2956 tam
622 2901 681 2955 fera
698 2901 775 2956 iussa
793 2902 853 2956 mei.
