2375 3575
460 387 506 420 aas
520 387 658 422 annnorum
910 365 943 420 65

178 519 276 586 Longa
292 518 391 587 probat
407 516 492 571 facies
510 515 608 586 capitis
626 516 782 571 discrimina
799 517 866 587 puri,
889 528 893 534 ·

211 604 257 657 Sic
275 608 335 656 erat
351 601 455 656 ornatis
472 601 621 656 Laodamia
638 601 731 657 comis.

176 689 312 758 Exiguum
330 704 436 741 summa
454 687 553 741 nodum
572 688 623 742 sibi
641 687 730 742 fronte
748 687 875 758 relinqui,

129 788 163 825 no
213 774 246 827 Vt
263 777 377 844 pateant
394 788 481 838 aures,
500 788 549 827 ora
566 773 683 827 rotunda
701 774 803 827 uolunt.

177 859 297 915 Alterius
316 859 403 913 crines
423 874 514 913 umero
531 860 668 913 iactentur
685 863 807 929 utroque.

211 944 287 999 Talis
305 960 335 999 es
353 944 507 1014 adsumpta,
525 944 633 999 Phoebe
652 960 758 1011 canore,
776 944 842 1016 lyra.

177 1032 271 1086 Altera
289 1030 443 1085 succinctae
460 1030 587 1099 religetur
605 1046 679 1084 more
696 1029 814 1096 Dianae,

211 1116 246 1170 vt
264 1115 340 1181 solet
359 1116 490 1170 attonitas
508 1132 567 1171 cum
586 1116 656 1185 petit
672 1115 719 1170 illa
736 1115 816 1171 feras.

132 1212 167 1249 1⁴⁵
181 1202 252 1257 Huic
270 1201 348 1256 decet
365 1199 474 1255 inflatos
492 1202 551 1255 laxe
570 1202 686 1255 iacuisse
705 1200 830 1272 capillos,

212 1287 261 1341 1113
280 1286 317 1341 sit
334 1286 472 1341 adstrictis
490 1286 663 1356 impedienda
681 1287 773 1341 comio.

180 1372 258 1427 llau'o
276 1372 367 1442 placet
384 1371 473 1425 ornari
492 1372 635 1445 testudine*
649 1372 790 1443 Cyllenea,

213 1456 471 1514 Sustineat'similes
488 1457 615 1513 fluctibus
633 1458 681 1512 illa
698 1459 783 1513 sinus.

179 1543 236 1597 Sed
253 1558 342 1613 neque
359 1558 467 1597 ramosa
484 1544 638 1599 numerabis
656 1544 683 1597 in
702 1543 761 1599 ilice
778 1544 906 1614 glandes,
940 1585 947 1597 .
967 1602 969 1608 s

133 1639 166 1678 co
211 1628 267 1683 Nec
284 1633 351 1699 quot
368 1644 435 1698 apes
454 1628 547 1700 Hyble,
566 1645 616 1683 nee
634 1633 702 1699 quot
718 1630 745 1683 in
765 1630 832 1701 Alpe
849 1629 935 1697 ferae,
995 1645 998 1647 ·

177 1715 233 1769 Nec
250 1714 315 1768 mibi
331 1718 373 1768 tot
390 1714 496 1784 positus
514 1731 625 1768 numero
644 1715 828 1784 conprendere
845 1715 888 1771 fas
906 1719 955 1771 est.
970 1706 978 1735 ”

212 1800 304 1855 Adicit
320 1805 431 1854 ornatus
449 1800 571 1869 proxima
589 1817 713 1872 quaeque
732 1803 797 1862 dies.
899 1803 902 1810 '

179 1886 215 1940 111
232 1884 359 1954 neglecta
377 1886 455 1941 decet
473 1885 571 1941 multas
590 1903 676 1941 coma.
696 1904 779 1958 saepe
797 1889 885 1943 iacere

213 1970 375 2026 Hesternam
394 1971 497 2035 credas,
516 1971 563 2026 illa
580 1988 680 2042 repexa
698 1973 814 2027 modost.

134 2069 166 2107 aa
179 2059 232 2112 llrs
250 2072 343 2110 casum
361 2057 476 2111 simulet.
495 2057 535 2111 sic
552 2062 634 2127 capta
651 2058 719 2113 uidit
737 2064 767 2112 ut
784 2057 850 2113 urbe

214 2141 324 2196 Alcides
342 2142 423 2207 lolcn‚
444 2143 522 2196 ‘banc
540 2143 600 2211 ego'
618 2143 686 2199 dixit
702 2142 792 2198 ‘amo'

178 2227 274 2282 Talem
290 2232 318 2281 te
336 2227 457 2282 Bacchus
476 2229 574 2300 satyris
592 2228 770 2284 clamantibus
789 2229 891 2282 ‘euhoe’

214 2311 331 2367 Sustulit
347 2313 375 2366 in
393 2328 495 2380 currus,
514 2313 599 2369 Gnosi
617 2314 717 2379 relicta,
737 2330 809 2369 suos.

179 2398 203 2453 0
221 2402 353 2469 quantum
370 2397 494 2469 indulget
510 2390 602 2454 nestro
620 2404 719 2454 natura
737 2399 839 2466 decori,

130 2499 165 2538 rso
214 2484 333 2552 Quarum
352 2487 416 2538 sunt
432 2484 523 2539 multis
542 2485 641 2539 damna
659 2485 761 2555 pianda
778 2484 873 2539 modis.

180 2564 236 2624 Nos
253 2569 324 2623 male
342 2569 498 2639 detegimur,
516 2571 644 2641 raptique
661 2574 753 2625 aetate
770 2569 859 2640 capilli

216 2653 253 2708 Vt
268 2654 352 2709 borea
367 2653 478 2710 frondes
496 2656 649 2711 excutiente
667 2656 775 2711 cadunt.

179 2739 293 2794 Femina
309 2740 434 2796 canitiem
453 2739 595 2796 Germanis
612 2741 697 2796 inficit
714 2740 814 2806 herbis,

213 2824 251 2878 111
266 2824 361 2880 mrlsor
378 2842 442 2881 uero
459 2827 600 2897 quaeritur
617 2831 676 2881 arte
693 2825 774 2881 color.

839 2935 854 2973 ‘a
