<?xml version="1.0" encoding="UTF-8"?>
<!DOCTYPE html PUBLIC "-//W3C//DTD XHTML 1.0 Transitional//EN"
    "http://www.w3.org/TR/xhtml1/DTD/xhtml1-transitional.dtd">
<html xmlns="http://www.w3.org/1999/xhtml" xml:lang="en" lang="en">
 <head>
  <title>
</title>
<meta http-equiv="Content-Type" content="text/html;charset=utf-8" />
  <meta name='ocr-system' content='tesseract 3.04.00' />
  <meta name='ocr-capabilities' content='ocr_page ocr_carea ocr_par ocr_line ocrx_word'/>
</head>
<body>
  <div class='ocr_page' id='page_1' title='image "./povidiinasonisc00mlgoog_0087.png"; bbox 0 0 2375 3575; ppageno 0'>
   <div class='ocr_carea' id='block_1_1' title="bbox 510 460 995 517">
    <p class='ocr_par' dir='ltr' id='par_1_1' title="bbox 510 460 995 517">
     <span class='ocr_line' id='line_1_1' title="bbox 510 460 995 517; baseline -0.01 0"><span class='ocrx_word' id='word_1_1' title='bbox 510 483 557 517; x_wconf 77' lang='lat' dir='ltr'>aas</span> <span class='ocrx_word' id='word_1_2' title='bbox 570 481 710 517; x_wconf 66' lang='lat' dir='ltr'>meorum</span> <span class='ocrx_word' id='word_1_3' title='bbox 964 460 995 512; x_wconf 74' lang='lat'>79</span> 
     </span>
    </p>
   </div>
   <div class='ocr_carea' id='block_1_2' title="bbox 178 611 1046 2987">
    <p class='ocr_par' dir='ltr' id='par_1_2' title="bbox 178 611 1046 2987">
     <span class='ocr_line' id='line_1_2' title="bbox 227 611 1046 683; baseline -0.002 -15"><span class='ocrx_word' id='word_1_4' title='bbox 227 615 281 668; x_wconf 84' lang='lat' dir='ltr'>Vos</span> <span class='ocrx_word' id='word_1_5' title='bbox 291 629 410 683; x_wconf 63' lang='lat' dir='ltr'>qnoque„</span> <span class='ocrx_word' id='word_1_6' title='bbox 421 611 538 668; x_wconf 77' lang='lat' dir='ltr'>danobis</span> <span class='ocrx_word' id='word_1_7' title='bbox 548 627 628 682; x_wconf 91' lang='lat' dir='ltr'>quem</span> <span class='ocrx_word' id='word_1_8' title='bbox 638 611 755 681; x_wconf 86' lang='lat' dir='ltr'>quisque</span> <span class='ocrx_word' id='word_1_9' title='bbox 764 611 815 665; x_wconf 86' lang='lat' dir='ltr'>erit</span> <span class='ocrx_word' id='word_1_10' title='bbox 823 616 905 681; x_wconf 86' lang='lat' dir='ltr'>aptus</span> <span class='ocrx_word' id='word_1_11' title='bbox 914 612 951 666; x_wconf 89' lang='lat' dir='ltr'>ad</span> <span class='ocrx_word' id='word_1_12' title='bbox 959 628 1046 678; x_wconf 89' lang='lat' dir='ltr'>usum,</span> 
     </span>
     <span class='ocr_line' id='line_1_3' title="bbox 179 696 879 768; baseline 0.001 -19"><span class='ocrx_word' id='word_1_13' title='bbox 179 712 213 749; x_wconf 68' lang='lat' dir='ltr'>aar</span> <span class='ocrx_word' id='word_1_14' title='bbox 262 697 391 768; x_wconf 79' lang='lat' dir='ltr'>Inspicite</span> <span class='ocrx_word' id='word_1_15' title='bbox 409 703 437 752; x_wconf 83' lang='lat' dir='ltr'>et</span> <span class='ocrx_word' id='word_1_16' title='bbox 455 700 529 751; x_wconf 85' lang='lat' dir='ltr'>certo</span> <span class='ocrx_word' id='word_1_17' title='bbox 546 697 640 765; x_wconf 84' lang='lat' dir='ltr'>ponite</span> <span class='ocrx_word' id='word_1_18' title='bbox 658 712 793 767; x_wconf 87' lang='lat' dir='ltr'>quemque</span> <span class='ocrx_word' id='word_1_19' title='bbox 810 696 879 751; x_wconf 84' lang='lat' dir='ltr'>loeo.</span> 
     </span>
     <span class='ocr_line' id='line_1_4' title="bbox 225 781 926 852; baseline -0.003 -14"><span class='ocrx_word' id='word_1_20' title='bbox 225 785 340 838; x_wconf 81' lang='lat' dir='ltr'>Munera</span> <span class='ocrx_word' id='word_1_21' title='bbox 357 783 404 837; x_wconf 88' lang='lat' dir='ltr'>det</span> <span class='ocrx_word' id='word_1_22' title='bbox 421 782 506 848; x_wconf 89' lang='lat' dir='ltr'>diues,</span> <span class='ocrx_word' id='word_1_23' title='bbox 523 781 566 837; x_wconf 90' lang='lat' dir='ltr'>ius</span> <span class='ocrx_word' id='word_1_24' title='bbox 585 782 632 852; x_wconf 95' lang='lat' dir='ltr'>qui</span> <span class='ocrx_word' id='word_1_25' title='bbox 650 781 826 851; x_wconf 86' lang='lat' dir='ltr'>profitebitur,</span> <span class='ocrx_word' id='word_1_26' title='bbox 845 781 926 837; x_wconf 80' lang='lat' dir='ltr'>adsit</span> 
     </span>
     <span class='ocr_line' id='line_1_5' title="bbox 261 866 854 938; baseline -0.002 -16"><span class='ocrx_word' id='word_1_27' title='bbox 261 868 408 922; x_wconf 75' lang='lat' dir='ltr'>Facundus</span> <span class='ocrx_word' id='word_1_28' title='bbox 426 883 538 922; x_wconf 86' lang='lat' dir='ltr'>causam</span> <span class='ocrx_word' id='word_1_29' title='bbox 555 883 640 938; x_wconf 83' lang='lat' dir='ltr'>saepe</span> <span class='ocrx_word' id='word_1_30' title='bbox 657 866 763 922; x_wconf 87' lang='lat' dir='ltr'>clientis</span> <span class='ocrx_word' id='word_1_31' title='bbox 781 871 854 935; x_wconf 83' lang='lat' dir='ltr'>agat.</span> 
     </span>
     <span class='ocr_line' id='line_1_6' title="bbox 228 952 989 1023; baseline -0.001 -15"><span class='ocrx_word' id='word_1_32' title='bbox 228 954 356 1009; x_wconf 84' lang='lat' dir='ltr'>Carmina</span> <span class='ocrx_word' id='word_1_33' title='bbox 374 954 419 1023; x_wconf 93' lang='lat' dir='ltr'>qui</span> <span class='ocrx_word' id='word_1_34' title='bbox 436 952 560 1016; x_wconf 78' lang='lat' dir='ltr'>iacimus,</span> <span class='ocrx_word' id='word_1_35' title='bbox 579 952 719 1007; x_wconf 80' lang='lat' dir='ltr'>mittamus</span> <span class='ocrx_word' id='word_1_36' title='bbox 738 955 858 1007; x_wconf 87' lang='lat' dir='ltr'>carmina</span> <span class='ocrx_word' id='word_1_37' title='bbox 875 957 989 1008; x_wconf 87' lang='lat' dir='ltr'>tantum.</span> 
     </span>
     <span class='ocr_line' id='line_1_7' title="bbox 264 1038 930 1107; baseline -0.005 -14"><span class='ocrx_word' id='word_1_38' title='bbox 264 1039 315 1093; x_wconf 87' lang='lat' dir='ltr'>Hie</span> <span class='ocrx_word' id='word_1_39' title='bbox 334 1038 432 1093; x_wconf 85' lang='lat' dir='ltr'>chorus</span> <span class='ocrx_word' id='word_1_40' title='bbox 450 1041 514 1092; x_wconf 91' lang='lat' dir='ltr'>ante</span> <span class='ocrx_word' id='word_1_41' title='bbox 532 1038 601 1093; x_wconf 85' lang='lat' dir='ltr'>alios</span> <span class='ocrx_word' id='word_1_42' title='bbox 619 1041 701 1107; x_wconf 89' lang='lat' dir='ltr'>aptus</span> <span class='ocrx_word' id='word_1_43' title='bbox 719 1054 810 1092; x_wconf 90' lang='lat' dir='ltr'>amare</span> <span class='ocrx_word' id='word_1_44' title='bbox 828 1054 930 1093; x_wconf 88' lang='lat' dir='ltr'>sumus.</span> 
     </span>
     <span class='ocr_line' id='line_1_8' title="bbox 181 1123 922 1193; baseline 0.005 -19"><span class='ocrx_word' id='word_1_45' title='bbox 181 1139 215 1175; x_wconf 78' lang='lat' dir='ltr'>me</span> <span class='ocrx_word' id='word_1_46' title='bbox 229 1126 286 1180; x_wconf 88' lang='lat' dir='ltr'>Nos</span> <span class='ocrx_word' id='word_1_47' title='bbox 305 1124 420 1178; x_wconf 87' lang='lat' dir='ltr'>iacimus</span> <span class='ocrx_word' id='word_1_48' title='bbox 438 1124 556 1193; x_wconf 79' lang='lat' dir='ltr'>placitae</span> <span class='ocrx_word' id='word_1_49' title='bbox 574 1123 630 1177; x_wconf 90' lang='lat' dir='ltr'>late</span> <span class='ocrx_word' id='word_1_50' title='bbox 647 1124 795 1193; x_wconf 89' lang='lat' dir='ltr'>praeconia</span> <span class='ocrx_word' id='word_1_51' title='bbox 811 1123 922 1178; x_wconf 86' lang='lat' dir='ltr'>formae.</span> 
     </span>
     <span class='ocr_line' id='line_1_9' title="bbox 263 1208 972 1280; baseline 0 -16"><span class='ocrx_word' id='word_1_52' title='bbox 263 1210 366 1264; x_wconf 89' lang='lat' dir='ltr'>Nomen</span> <span class='ocrx_word' id='word_1_53' title='bbox 384 1209 467 1264; x_wconf 85' lang='lat' dir='ltr'>habet</span> <span class='ocrx_word' id='word_1_54' title='bbox 483 1208 615 1272; x_wconf 88' lang='lat' dir='ltr'>Nemesis,</span> <span class='ocrx_word' id='word_1_55' title='bbox 634 1209 750 1280; x_wconf 79' lang='lat' dir='ltr'>Cynthia</span> <span class='ocrx_word' id='word_1_56' title='bbox 767 1225 866 1264; x_wconf 89' lang='lat' dir='ltr'>nomen</span> <span class='ocrx_word' id='word_1_57' title='bbox 883 1208 972 1264; x_wconf 86' lang='lat' dir='ltr'>habet.</span> 
     </span>
     <span class='ocr_line' id='line_1_10' title="bbox 230 1294 846 1365; baseline -0.003 -15"><span class='ocrx_word' id='word_1_58' title='bbox 230 1297 333 1364; x_wconf 86' lang='lat' dir='ltr'>Vesper</span> <span class='ocrx_word' id='word_1_59' title='bbox 351 1299 381 1349; x_wconf 89' lang='lat' dir='ltr'>et</span> <span class='ocrx_word' id='word_1_60' title='bbox 398 1310 463 1349; x_wconf 90' lang='lat' dir='ltr'>eoae</span> <span class='ocrx_word' id='word_1_61' title='bbox 481 1311 582 1349; x_wconf 87' lang='lat' dir='ltr'>nouere</span> <span class='ocrx_word' id='word_1_62' title='bbox 600 1294 733 1365; x_wconf 86' lang='lat' dir='ltr'>Lycorida</span> <span class='ocrx_word' id='word_1_63' title='bbox 750 1297 846 1360; x_wconf 84' lang='lat' dir='ltr'>terrae,</span> 
     </span>
     <span class='ocr_line' id='line_1_11' title="bbox 264 1379 923 1450; baseline -0.002 -16"><span class='ocrx_word' id='word_1_64' title='bbox 264 1381 300 1435; x_wconf 83' lang='lat' dir='ltr'>Et</span> <span class='ocrx_word' id='word_1_65' title='bbox 318 1380 402 1446; x_wconf 84' lang='lat' dir='ltr'>multi,</span> <span class='ocrx_word' id='word_1_66' title='bbox 421 1396 491 1450; x_wconf 88' lang='lat' dir='ltr'>quae</span> <span class='ocrx_word' id='word_1_67' title='bbox 509 1379 546 1434; x_wconf 89' lang='lat' dir='ltr'>sit</span> <span class='ocrx_word' id='word_1_68' title='bbox 563 1385 658 1434; x_wconf 87' lang='lat' dir='ltr'>nostra</span> <span class='ocrx_word' id='word_1_69' title='bbox 676 1379 799 1444; x_wconf 66' lang='lat' dir='ltr'>Gorinrm</span> <span class='ocrx_word' id='word_1_70' title='bbox 817 1384 923 1449; x_wconf 85' lang='lat' dir='ltr'>rogant.</span> 
     </span>
     <span class='ocr_line' id='line_1_12' title="bbox 229 1465 931 1536; baseline -0.003 -15"><span class='ocrx_word' id='word_1_71' title='bbox 229 1465 318 1531; x_wconf 80' lang='lat' dir='ltr'>Adde,</span> <span class='ocrx_word' id='word_1_72' title='bbox 337 1465 410 1536; x_wconf 92' lang='lat' dir='ltr'>qnod</span> <span class='ocrx_word' id='word_1_73' title='bbox 428 1465 543 1520; x_wconf 85' lang='lat' dir='ltr'>insidiae</span> <span class='ocrx_word' id='word_1_74' title='bbox 561 1466 647 1519; x_wconf 87' lang='lat' dir='ltr'>sacris</span> <span class='ocrx_word' id='word_1_75' title='bbox 665 1465 807 1520; x_wconf 81' lang='lat' dir='ltr'>abatibus</span> <span class='ocrx_word' id='word_1_76' title='bbox 825 1465 931 1532; x_wconf 87' lang='lat' dir='ltr'>absunt,</span> 
     </span>
     <span class='ocr_line' id='line_1_13' title="bbox 178 1551 931 1621; baseline 0.007 -20"><span class='ocrx_word' id='word_1_77' title='bbox 178 1563 214 1601; x_wconf 78' lang='lat' dir='ltr'>mo</span> <span class='ocrx_word' id='word_1_78' title='bbox 263 1552 300 1606; x_wconf 85' lang='lat' dir='ltr'>Et</span> <span class='ocrx_word' id='word_1_79' title='bbox 316 1551 382 1606; x_wconf 87' lang='lat' dir='ltr'>facit</span> <span class='ocrx_word' id='word_1_80' title='bbox 399 1551 434 1604; x_wconf 91' lang='lat' dir='ltr'>ad</span> <span class='ocrx_word' id='word_1_81' title='bbox 451 1566 540 1605; x_wconf 91' lang='lat' dir='ltr'>mores</span> <span class='ocrx_word' id='word_1_82' title='bbox 557 1568 602 1606; x_wconf 90' lang='lat' dir='ltr'>ars</span> <span class='ocrx_word' id='word_1_83' title='bbox 621 1567 729 1621; x_wconf 92' lang='lat' dir='ltr'>quoque</span> <span class='ocrx_word' id='word_1_84' title='bbox 748 1556 841 1605; x_wconf 85' lang='lat' dir='ltr'>nostra</span> <span class='ocrx_word' id='word_1_85' title='bbox 858 1567 931 1606; x_wconf 82' lang='lat' dir='ltr'>suos</span> 
     </span>
     <span class='ocr_line' id='line_1_14' title="bbox 226 1636 957 1704; baseline -0.003 -12"><span class='ocrx_word' id='word_1_86' title='bbox 226 1638 284 1692; x_wconf 87' lang='lat' dir='ltr'>Neo</span> <span class='ocrx_word' id='word_1_87' title='bbox 302 1653 353 1691; x_wconf 89' lang='lat' dir='ltr'>nos</span> <span class='ocrx_word' id='word_1_88' title='bbox 370 1636 481 1691; x_wconf 85' lang='lat' dir='ltr'>ambitio</span> <span class='ocrx_word' id='word_1_89' title='bbox 498 1653 549 1691; x_wconf 88' lang='lat' dir='ltr'>nec</span> <span class='ocrx_word' id='word_1_90' title='bbox 567 1653 643 1691; x_wconf 85' lang='lat' dir='ltr'>amor</span> <span class='ocrx_word' id='word_1_91' title='bbox 660 1653 711 1691; x_wconf 90' lang='lat' dir='ltr'>nos</span> <span class='ocrx_word' id='word_1_92' title='bbox 728 1637 817 1704; x_wconf 80' lang='lat' dir='ltr'>tangit</span> <span class='ocrx_word' id='word_1_93' title='bbox 833 1636 957 1691; x_wconf 88' lang='lat' dir='ltr'>habendi.</span> 
     </span>
     <span class='ocr_line' id='line_1_15' title="bbox 264 1721 886 1792; baseline 0 -16"><span class='ocrx_word' id='word_1_94' title='bbox 264 1723 425 1792; x_wconf 81' lang='lat' dir='ltr'>Contempto</span> <span class='ocrx_word' id='word_1_95' title='bbox 444 1721 540 1776; x_wconf 85' lang='lat' dir='ltr'>colitur</span> <span class='ocrx_word' id='word_1_96' title='bbox 557 1721 644 1776; x_wconf 86' lang='lat' dir='ltr'>lectus</span> <span class='ocrx_word' id='word_1_97' title='bbox 662 1726 690 1776; x_wconf 88' lang='lat' dir='ltr'>et</span> <span class='ocrx_word' id='word_1_98' title='bbox 707 1722 803 1776; x_wconf 88' lang='lat' dir='ltr'>umbra</span> <span class='ocrx_word' id='word_1_99' title='bbox 819 1722 886 1776; x_wconf 83' lang='lat' dir='ltr'>foro.</span> 
     </span>
     <span class='ocr_line' id='line_1_16' title="bbox 229 1807 974 1879; baseline -0.003 -16"><span class='ocrx_word' id='word_1_100' title='bbox 229 1808 286 1863; x_wconf 88' lang='lat' dir='ltr'>Sed</span> <span class='ocrx_word' id='word_1_101' title='bbox 304 1807 384 1862; x_wconf 86' lang='lat' dir='ltr'>facile</span> <span class='ocrx_word' id='word_1_102' title='bbox 401 1808 544 1862; x_wconf 86' lang='lat' dir='ltr'>haeremus</span> <span class='ocrx_word' id='word_1_103' title='bbox 563 1808 709 1879; x_wconf 85' lang='lat' dir='ltr'>ualidoque</span> <span class='ocrx_word' id='word_1_104' title='bbox 726 1810 878 1879; x_wconf 85' lang='lat' dir='ltr'>perurimur</span> <span class='ocrx_word' id='word_1_105' title='bbox 895 1813 974 1863; x_wconf 86' lang='lat' dir='ltr'>aestu</span> 
     </span>
     <span class='ocr_line' id='line_1_17' title="bbox 263 1893 828 1948; baseline -0.002 0"><span class='ocrx_word' id='word_1_106' title='bbox 263 1894 301 1948; x_wconf 85' lang='lat' dir='ltr'>Et</span> <span class='ocrx_word' id='word_1_107' title='bbox 319 1893 428 1947; x_wconf 90' lang='lat' dir='ltr'>nimium</span> <span class='ocrx_word' id='word_1_108' title='bbox 447 1897 521 1947; x_wconf 84' lang='lat' dir='ltr'>certa</span> <span class='ocrx_word' id='word_1_109' title='bbox 538 1894 639 1948; x_wconf 88' lang='lat' dir='ltr'>scimus</span> <span class='ocrx_word' id='word_1_110' title='bbox 658 1910 749 1948; x_wconf 90' lang='lat' dir='ltr'>amare</span> <span class='ocrx_word' id='word_1_111' title='bbox 766 1894 828 1948; x_wconf 87' lang='lat' dir='ltr'>fide.</span> 
     </span>
     <span class='ocr_line' id='line_1_18' title="bbox 179 1978 914 2047; baseline -0.004 -12"><span class='ocrx_word' id='word_1_112' title='bbox 179 1989 214 2027; x_wconf 76' lang='lat'>⁵4⁵</span> <span class='ocrx_word' id='word_1_113' title='bbox 229 1979 341 2035; x_wconf 88' lang='lat' dir='ltr'>Scilicet</span> <span class='ocrx_word' id='word_1_114' title='bbox 357 1978 494 2047; x_wconf 84' lang='lat' dir='ltr'>ingenium</span> <span class='ocrx_word' id='word_1_115' title='bbox 512 1978 622 2047; x_wconf 88' lang='lat' dir='ltr'>placida</span> <span class='ocrx_word' id='word_1_116' title='bbox 640 1978 773 2033; x_wconf 91' lang='lat' dir='ltr'>mollimur</span> <span class='ocrx_word' id='word_1_117' title='bbox 790 1980 825 2035; x_wconf 89' lang='lat' dir='ltr'>ab</span> <span class='ocrx_word' id='word_1_118' title='bbox 844 1983 914 2043; x_wconf 87' lang='lat' dir='ltr'>arte,</span> 
     </span>
     <span class='ocr_line' id='line_1_19' title="bbox 264 2063 818 2119; baseline -0.002 -1"><span class='ocrx_word' id='word_1_119' title='bbox 264 2064 301 2118; x_wconf 83' lang='lat' dir='ltr'>Et</span> <span class='ocrx_word' id='word_1_120' title='bbox 318 2063 409 2119; x_wconf 87' lang='lat' dir='ltr'>studio</span> <span class='ocrx_word' id='word_1_121' title='bbox 428 2079 515 2117; x_wconf 90' lang='lat' dir='ltr'>mores</span> <span class='ocrx_word' id='word_1_122' title='bbox 534 2063 726 2119; x_wconf 86' lang='lat' dir='ltr'>conuenienter</span> <span class='ocrx_word' id='word_1_123' title='bbox 743 2069 818 2119; x_wconf 87' lang='lat' dir='ltr'>eunt.</span> 
     </span>
     <span class='ocr_line' id='line_1_20' title="bbox 230 2147 819 2218; baseline -0.002 -14"><span class='ocrx_word' id='word_1_124' title='bbox 230 2149 346 2204; x_wconf 87' lang='lat' dir='ltr'>Vatibus</span> <span class='ocrx_word' id='word_1_125' title='bbox 364 2148 460 2203; x_wconf 82' lang='lat' dir='ltr'>Aoniis</span> <span class='ocrx_word' id='word_1_126' title='bbox 478 2147 572 2203; x_wconf 79' lang='lat' dir='ltr'>faciles</span> <span class='ocrx_word' id='word_1_127' title='bbox 591 2155 687 2215; x_wconf 88' lang='lat' dir='ltr'>estote,</span> <span class='ocrx_word' id='word_1_128' title='bbox 704 2149 819 2218; x_wconf 90' lang='lat' dir='ltr'>puellae.</span> 
     </span>
     <span class='ocr_line' id='line_1_21' title="bbox 264 2233 847 2305; baseline -0.002 -16"><span class='ocrx_word' id='word_1_129' title='bbox 264 2234 367 2289; x_wconf 86' lang='lat' dir='ltr'>Numen</span> <span class='ocrx_word' id='word_1_130' title='bbox 386 2235 458 2290; x_wconf 87' lang='lat' dir='ltr'>inest</span> <span class='ocrx_word' id='word_1_131' title='bbox 473 2233 534 2299; x_wconf 86' lang='lat' dir='ltr'>illis,</span> <span class='ocrx_word' id='word_1_132' title='bbox 553 2234 728 2305; x_wconf 88' lang='lat' dir='ltr'>Pieridesque</span> <span class='ocrx_word' id='word_1_133' title='bbox 745 2234 847 2290; x_wconf 87' lang='lat' dir='ltr'>fauent.</span> 
     </span>
     <span class='ocr_line' id='line_1_22' title="bbox 230 2319 910 2375; baseline 0 0"><span class='ocrx_word' id='word_1_134' title='bbox 230 2320 283 2375; x_wconf 85' lang='lat' dir='ltr'>Est</span> <span class='ocrx_word' id='word_1_135' title='bbox 301 2320 369 2375; x_wconf 89' lang='lat' dir='ltr'>deus</span> <span class='ocrx_word' id='word_1_136' title='bbox 386 2320 413 2374; x_wconf 94' lang='lat' dir='ltr'>in</span> <span class='ocrx_word' id='word_1_137' title='bbox 432 2320 509 2375; x_wconf 89' lang='lat' dir='ltr'>nobis</span> <span class='ocrx_word' id='word_1_138' title='bbox 528 2326 555 2374; x_wconf 88' lang='lat' dir='ltr'>et</span> <span class='ocrx_word' id='word_1_139' title='bbox 573 2325 638 2374; x_wconf 87' lang='lat' dir='ltr'>sunt</span> <span class='ocrx_word' id='word_1_140' title='bbox 654 2320 815 2374; x_wconf 85' lang='lat' dir='ltr'>commercia</span> <span class='ocrx_word' id='word_1_141' title='bbox 833 2319 910 2375; x_wconf 87' lang='lat' dir='ltr'>caeli.</span> 
     </span>
     <span class='ocr_line' id='line_1_23' title="bbox 179 2404 818 2474; baseline -0.006 -11"><span class='ocrx_word' id='word_1_142' title='bbox 179 2414 216 2453; x_wconf 76' lang='lat'>⁵⁵0</span> <span class='ocrx_word' id='word_1_143' title='bbox 265 2405 382 2463; x_wconf 88' lang='lat' dir='ltr'>Sedibus</span> <span class='ocrx_word' id='word_1_144' title='bbox 400 2404 527 2460; x_wconf 88' lang='lat' dir='ltr'>aetheriis</span> <span class='ocrx_word' id='word_1_145' title='bbox 545 2405 656 2474; x_wconf 88' lang='lat' dir='ltr'>spiritns</span> <span class='ocrx_word' id='word_1_146' title='bbox 674 2405 718 2459; x_wconf 91' lang='lat' dir='ltr'>ille</span> <span class='ocrx_word' id='word_1_147' title='bbox 737 2405 818 2459; x_wconf 85' lang='lat' dir='ltr'>uenit.</span> 
     </span>
     <span class='ocr_line' id='line_1_24' title="bbox 230 2490 910 2560; baseline -0.006 -13"><span class='ocrx_word' id='word_1_148' title='bbox 230 2494 254 2547; x_wconf 78' lang='lat' dir='ltr'>A</span> <span class='ocrx_word' id='word_1_149' title='bbox 273 2490 362 2546; x_wconf 82' lang='lat' dir='ltr'>doctis</span> <span class='ocrx_word' id='word_1_150' title='bbox 380 2491 499 2560; x_wconf 85' lang='lat' dir='ltr'>pretium</span> <span class='ocrx_word' id='word_1_151' title='bbox 517 2490 607 2545; x_wconf 89' lang='lat' dir='ltr'>scelus</span> <span class='ocrx_word' id='word_1_152' title='bbox 625 2493 668 2545; x_wconf 85' lang='lat' dir='ltr'>est</span> <span class='ocrx_word' id='word_1_153' title='bbox 685 2506 794 2559; x_wconf 85' lang='lat' dir='ltr'>sperare</span> <span class='ocrx_word' id='word_1_154' title='bbox 811 2490 910 2560; x_wconf 87' lang='lat' dir='ltr'>poetis.</span> 
     </span>
     <span class='ocr_line' id='line_1_25' title="bbox 265 2574 947 2646; baseline -0.001 -16"><span class='ocrx_word' id='word_1_155' title='bbox 265 2575 309 2630; x_wconf 83' lang='lat' dir='ltr'>lle</span> <span class='ocrx_word' id='word_1_156' title='bbox 328 2575 467 2631; x_wconf 88' lang='lat' dir='ltr'>miserum!</span> <span class='ocrx_word' id='word_1_157' title='bbox 486 2575 575 2631; x_wconf 87' lang='lat' dir='ltr'>scelus</span> <span class='ocrx_word' id='word_1_158' title='bbox 593 2575 647 2629; x_wconf 91' lang='lat' dir='ltr'>hoc</span> <span class='ocrx_word' id='word_1_159' title='bbox 664 2574 738 2630; x_wconf 89' lang='lat' dir='ltr'>nulla</span> <span class='ocrx_word' id='word_1_160' title='bbox 755 2575 846 2646; x_wconf 91' lang='lat' dir='ltr'>puella</span> <span class='ocrx_word' id='word_1_161' title='bbox 863 2576 947 2629; x_wconf 84' lang='lat' dir='ltr'>timet.</span> 
     </span>
     <span class='ocr_line' id='line_1_26' title="bbox 229 2660 925 2731; baseline -0.003 -14"><span class='ocrx_word' id='word_1_162' title='bbox 229 2661 407 2717; x_wconf 84' lang='lat' dir='ltr'>Dissimulate</span> <span class='ocrx_word' id='word_1_163' title='bbox 423 2665 514 2722; x_wconf 86' lang='lat' dir='ltr'>tamen</span> <span class='ocrx_word' id='word_1_164' title='bbox 532 2675 584 2715; x_wconf 87' lang='lat' dir='ltr'>nec</span> <span class='ocrx_word' id='word_1_165' title='bbox 601 2661 689 2731; x_wconf 88' lang='lat' dir='ltr'>prima</span> <span class='ocrx_word' id='word_1_166' title='bbox 705 2660 794 2716; x_wconf 85' lang='lat' dir='ltr'>fronte</span> <span class='ocrx_word' id='word_1_167' title='bbox 811 2676 925 2731; x_wconf 82' lang='lat' dir='ltr'>rapaces</span> 
     </span>
     <span class='ocr_line' id='line_1_27' title="bbox 264 2745 868 2806; baseline -0.005 -4"><span class='ocrx_word' id='word_1_168' title='bbox 264 2746 339 2802; x_wconf 81' lang='lat' dir='ltr'>Este.</span> <span class='ocrx_word' id='word_1_169' title='bbox 358 2762 446 2801; x_wconf 90' lang='lat' dir='ltr'>nouus</span> <span class='ocrx_word' id='word_1_170' title='bbox 464 2746 524 2801; x_wconf 90' lang='lat' dir='ltr'>uiso</span> <span class='ocrx_word' id='word_1_171' title='bbox 542 2761 622 2801; x_wconf 88' lang='lat' dir='ltr'>casse</span> <span class='ocrx_word' id='word_1_172' title='bbox 639 2745 749 2806; x_wconf 89' lang='lat' dir='ltr'>resistet</span> <span class='ocrx_word' id='word_1_173' title='bbox 765 2762 868 2801; x_wconf 89' lang='lat' dir='ltr'>amans.</span> 
     </span>
     <span class='ocr_line' id='line_1_28' title="bbox 180 2829 1046 2902; baseline -0.006 -13"><span class='ocrx_word' id='word_1_174' title='bbox 180 2838 216 2876; x_wconf 70' lang='lat'>⁵⁶⁵</span> <span class='ocrx_word' id='word_1_175' title='bbox 230 2831 287 2890; x_wconf 87' lang='lat' dir='ltr'>Sed</span> <span class='ocrx_word' id='word_1_176' title='bbox 304 2847 393 2902; x_wconf 80' lang='lat' dir='ltr'>neque</span> <span class='ocrx_word' id='word_1_177' title='bbox 410 2836 505 2886; x_wconf 84' lang='lat' dir='ltr'>uector</span> <span class='ocrx_word' id='word_1_178' title='bbox 520 2846 628 2902; x_wconf 89' lang='lat' dir='ltr'>equum,</span> <span class='ocrx_word' id='word_1_179' title='bbox 648 2831 695 2901; x_wconf 90' lang='lat' dir='ltr'>qui</span> <span class='ocrx_word' id='word_1_180' title='bbox 712 2847 799 2901; x_wconf 87' lang='lat' dir='ltr'>nuper</span> <span class='ocrx_word' id='word_1_181' title='bbox 816 2830 902 2886; x_wconf 87' lang='lat' dir='ltr'>sensit</span> <span class='ocrx_word' id='word_1_182' title='bbox 918 2829 1046 2894; x_wconf 85' lang='lat' dir='ltr'>habenas,</span> 
     </span>
     <span class='ocr_line' id='line_1_29' title="bbox 264 2915 847 2987; baseline 0 -15"><span class='ocrx_word' id='word_1_183' title='bbox 264 2916 443 2987; x_wconf 78' lang='lat' dir='ltr'>Comparibus</span> <span class='ocrx_word' id='word_1_184' title='bbox 460 2917 543 2972; x_wconf 83' lang='lat' dir='ltr'>irenis</span> <span class='ocrx_word' id='word_1_185' title='bbox 561 2915 747 2987; x_wconf 85' lang='lat' dir='ltr'>artificemque</span> <span class='ocrx_word' id='word_1_186' title='bbox 763 2919 847 2986; x_wconf 84' lang='lat' dir='ltr'>reget,</span> 
     </span>
    </p>
   </div>
   <div class='ocr_carea' id='block_1_3' title="bbox 0 0 1195 3575">
    <p class='ocr_par' dir='ltr' id='par_1_3' title="bbox 0 0 1195 3575">
     <span class='ocr_line' id='line_1_30' title="bbox 0 0 1195 3575; baseline 0 0"><span class='ocrx_word' id='word_1_187' title='bbox 0 0 1195 3575; x_wconf 95' lang='lat' dir='ltr'> </span> 
     </span>
    </p>
   </div>
  </div>
 </body>
</html>
