2375 3575
239 470 273 519 80
521 491 566 523 nure
581 490 721 523 nunronrn.

238 621 293 675 Nec
310 619 415 676 stabitis
434 619 538 673 animes
557 618 635 673 anuis
654 618 824 688 uiridemquc
842 619 977 674 iuuentam

273 706 307 760 Vt
324 705 427 775 capias,
445 705 515 759 idern
534 704 611 758 limes
630 703 753 774 agendum
771 703 830 758 erit.

239 792 289 847 Hic
306 791 382 846 rudis
400 794 428 844 et
446 790 542 844 castris
561 805 633 843 nunc
650 788 765 858 primum
785 794 868 844 nntns
887 790 995 852 Amoris,

188 890 225 927 nce
273 877 324 945 (tui
342 876 432 944 tetigit
449 874 583 929 thalamos
602 874 705 944 praeda
724 873 832 928 nouella
839 875 925 938 euos,

239 964 277 1017 Te
296 961 380 1017 sclam
400 960 478 1025 norit,
497 961 544 1015 tibi
564 976 672 1030 semper
689 959 831 1014 inhaereat
848 959 904 1014 uni.

273 1046 440 1116 Cingendast
457 1045 520 1100 aitis
538 1045 666 1115 saepibus
684 1044 739 1099 ista
757 1059 846 1113 seges.

239 1134 336 1203 Effuge
354 1131 475 1186 riualem.
495 1131 596 1196 uinces,
616 1131 679 1185 dum
698 1130 758 1185 sola
775 1131 890 1187 tenebis.

274 1219 332 1272 Non
350 1218 418 1272 bene
437 1234 496 1271 curn
517 1216 598 1271 sociis
617 1231 702 1285 regna
721 1216 867 1286 Venusque
886 1223 1000 1272 manent

189 1315 226 1352 555
240 1304 286 1358 ilie
305 1309 385 1357 uetus
403 1303 479 1357 rniies
498 1302 598 1357 sensim
618 1305 645 1356 et
663 1302 801 1372 sapienter
818 1302 923 1357 amabit

274 1389 411 1458 Multaque
429 1387 509 1442 tironi
528 1404 580 1441 non
601 1387 731 1456 patienda
748 1386 825 1441 teret.

240 1476 295 1530 Nec
312 1474 420 1542 franget
437 1477 531 1542 postes
549 1489 600 1526 nec
619 1473 710 1527 saeuis
728 1472 836 1542 ignibus
856 1479 916 1527 uret

274 1560 330 1614 Nec
347 1560 472 1614 dominae
490 1562 600 1612 teneras
619 1559 729 1628 adpetet
749 1574 839 1628 ungue
856 1575 943 1628 genas

240 1646 294 1699 Nec
312 1644 419 1700 scindet
435 1645 578 1698 tunicasue
596 1660 661 1698 suas
679 1643 820 1698 tunicasne
839 1642 960 1714 puellae.

191 1742 227 1779 ern
274 1731 329 1784 Nec
346 1736 441 1800 raptus
458 1729 540 1783 flendi
559 1745 644 1784 causa
662 1728 775 1799 capillus
794 1729 853 1784 erit.
896 1751 899 1756 ·

242 1817 298 1871 ista
315 1816 414 1870 decent
430 1832 530 1885 pueros
548 1820 639 1870 aetate
658 1821 686 1868 et
703 1831 794 1870 arncre
812 1815 943 1873 calentes.

275 1902 326 1955 Hic
343 1901 401 1955 fera
420 1902 571 1971 composita
589 1901 702 1954 uulnera
721 1905 810 1955 niente
828 1900 907 1956 ieret.

243 1988 354 2056 ignibus
372 1986 423 2041 heu
442 1986 522 2041 lentis
541 1991 640 2051 uretur,
660 1993 689 2039 nt
708 1986 799 2040 umida
816 1985 908 2052 faena,

275 2073 309 2127 vt
327 2072 407 2126 mede
425 2072 561 2126 montanis
579 2071 650 2125 silua
668 2071 754 2126 recisa
771 2071 852 2140 iugis.

193 2170 229 2206 555
244 2159 348 2213 Certior
364 2158 409 2211 hic
426 2174 501 2211 arnor
519 2161 568 2221 est
587 2157 679 2225 grauis
698 2161 725 2210 et
742 2156 884 2212 fecundior·
901 2158 954 2212 iiie.

276 2245 351 2312 Quae
368 2242 482 2311 fugiunt,
501 2242 580 2296 celeri
599 2242 701 2312 carpite
719 2258 800 2311 poma
819 2260 909 2298 manu.

242 2330 339 2384 Omnia
355 2328 505 2383 tradantur.
523 2332 617 2397 pertas
635 2329 816 2383 reseranirnus
834 2327 920 2393 hosti,

278 2416 311 2469 iit
328 2416 364 2469 sit
381 2415 408 2468 in
425 2413 509 2467 infida
525 2412 678 2482 proditione
696 2414 771 2468 tides.

244 2501 323 2568 Quod
341 2500 420 2555 datur
438 2516 470 2553 ex
488 2498 568 2563 facili,
588 2497 698 2566 longum
718 2497 786 2553 rnule
806 2500 891 2554 nutrit
908 2516 1033 2556 arnonem.

193 2599 229 2636 nec
277 2585 442 2640 Miscendast
459 2585 538 2639 laetis
555 2601 619 2638 rara
635 2584 745 2653 repulsa
763 2584 838 2639 iocis.

243 2674 314 2726 Ante
330 2670 403 2726 fores
421 2671 510 2725 iaceat
527 2669 652 2724 ‘crudelis
670 2669 759 2723 ianua’
777 2669 854 2724 dicat

277 2756 414 2826 Multaque
432 2755 576 2811 summisse
593 2755 679 2810 muita
696 2756 829 2809 minanter
846 2760 920 2825 agat.

242 2841 339 2896 Dulcia
356 2857 409 2896 non
427 2841 546 2896 ierimus.
563 2856 631 2895 succ
648 2856 811 2895 renonumnr
829 2857 930 2896 amare.

277 2925 365 2996 Saepe
382 2925 453 2996 perit
470 2926 558 2981 uentis
576 2926 674 2981 obrute
691 2925 789 2979 cumba
806 2926 872 2981 suis.
