2375 3575
224 446 257 499 86
502 470 549 502 Ans
565 470 703 505 stramonia

224 602 313 657 Anxia
329 599 428 664 Procri,
448 598 525 653 lates.
543 598 639 653 solitas
657 598 729 653 iacet
745 598 791 653 ille
808 616 858 669 per
875 599 979 658 herbas

260 688 294 742 Et
312 684 430 757 ‘zephyri
447 683 541 739 molles
560 684 689 754 auraque’
708 684 776 738 dixit
794 684 892 739 ‘adest’

226 774 259 827 Vt
276 771 365 844 patuit
382 771 497 824 miserae
515 769 650 824 iucundus
668 769 785 825 nominis
804 786 891 837 error,

174 874 211 911 naui
261 860 294 913 Et
311 872 387 912 mens
405 859 433 910 et
450 855 530 910 rediit
546 871 629 910 uerus
647 855 674 910 in
693 872 741 909 ora
759 854 841 910 color.

226 945 317 1013 Surgit
335 946 362 996 et
379 942 521 1011 oppositas
539 940 643 1009 agitato
661 957 774 1010 corpore
792 940 902 997 tondes

259 1028 343 1083 Mouit
360 1029 387 1081 in
405 1026 545 1095 amplexus
563 1042 632 1080 uxor
648 1026 722 1080 itura
738 1026 797 1080 uiri.

224 1116 271 1169 Ille
289 1115 375 1168 feram
393 1113 514 1166 mouisse
531 1114 608 1165 ratus
627 1110 789 1166 iuuenaliter
807 1115 884 1167 artus

260 1198 388 1269 Corripit,
408 1198 435 1252 in
453 1197 549 1251 dextra
566 1187 622 1250 tela
639 1196 715 1250 fuere
733 1213 823 1250 mann.

175 1298 212 1336 ras
226 1285 296 1352 Quid
313 1283 389 1348 lacis,
408 1282 518 1337 infelix?
536 1298 591 1336 non
609 1287 652 1335 est
669 1282 733 1347 iera,
753 1282 895 1351 supprime
911 1283 977 1338 tela!

260 1370 301 1423 Me
319 1369 459 1423 miserum!
478 1368 566 1422 iaculo
584 1367 639 1421 fixa
656 1365 747 1436 puolla
763 1371 848 1422 tuost.

227 1456 266 1509 ‘Ei
283 1454 373 1507 mihil’
392 1453 543 1508 conclamat
561 1451 651 1506 ‘fixisti
669 1455 766 1521 pectus
784 1453 912 1508 amicum.

262 1541 311 1595 llic
328 1539 404 1594 locus
423 1556 440 1592 a
458 1536 577 1608 Cephalo
597 1536 710 1591 uulnera
728 1553 835 1607 semper
853 1538 945 1595 habet

229 1630 296 1680 Ante
314 1625 385 1679 diem
403 1623 502 1678 morior
520 1623 568 1677 sed
586 1621 661 1676 nulla
677 1622 763 1692 pelice
780 1622 865 1679 laesa.

175 1724 213 1762 rio
260 1712 319 1765 Hoc
336 1709 419 1764 faciet
436 1709 544 1779 positae
561 1713 589 1762 te
607 1707 680 1774 mihi,
698 1712 777 1775 terra,
797 1709 893 1763 leuem.

226 1797 337 1852 Nomine
355 1799 499 1865 suspectas
518 1796 572 1849 iam
590 1794 702 1864 spiritus
721 1795 776 1849 exit
793 1795 821 1849 in
840 1812 932 1852 auras.

261 1882 355 1947 labor,
374 1881 408 1946 io,
427 1897 492 1935 cara
509 1880 612 1934 lumina
630 1880 715 1935 conde
733 1880 836 1934 manu!’

226 1967 307 2031 Dixit,
326 1972 354 2020 et
371 1966 480 2020 incauto
497 1965 630 2035 paulatim
647 1968 759 2035 pectore
777 1965 870 2035 lapsus

261 2051 400 2121 Excipitur
417 2051 507 2105 miseri
526 2051 639 2120 spiritus
658 2067 705 2105 ore
722 2050 781 2104 uiri.

175 2151 212 2188 ns
226 2137 273 2191 llle
291 2138 351 2191 sinu
370 2136 495 2190 dominae
513 2136 656 2190 morientia
673 2152 788 2206 corpora
804 2140 911 2191 maesto

261 2222 383 2277 Sustinet
400 2224 427 2276 et
444 2220 562 2276 lacrimis
580 2221 694 2276 uulnera
712 2238 796 2276 saeua
813 2221 898 2276 lauat.

227 2308 281 2362 Sed
298 2310 453 2377 repetamus
471 2323 548 2376 opus.
567 2306 632 2360 mihi
651 2307 730 2360 nudis
748 2305 828 2361 rebus
847 2307 1007 2371 eundnmot,

261 2393 294 2446 Vt
311 2395 408 2461 tangat
425 2395 520 2462 portus
537 2392 612 2446 fessa
630 2392 722 2446 carina
740 2408 813 2446 suos.

228 2477 335 2533 Scilicet
354 2481 493 2548 expectes,
513 2478 577 2532 dum
594 2481 623 2531 te
641 2477 670 2531 in
688 2476 815 2531 conuiuia
832 2476 943 2543 ducam,

176 2577 213 2614 ru·
263 2563 296 2615 Et
314 2563 422 2632 quaeris
440 2565 558 2618 monitus
576 2562 629 2616 hac
649 2578 757 2632 quoque
775 2565 853 2631 parte
872 2563 968 2617 meos?

228 2651 294 2702 Sera
312 2647 374 2701 ueni
391 2649 536 2718 positaque
555 2649 655 2702 decens
673 2646 768 2701 incede
785 2646 905 2701 lucerna.

262 2737 346 2787 (irata
364 2740 474 2788 morast.
494 2733 606 2788 Veneris
625 2733 742 2787 maxima
758 2731 821 2786 lena
840 2737 951 2788 morast.

227 2818 285 2872 Etsi
305 2818 391 2888 turpis
411 2818 471 2884 eris,
490 2819 610 2873 formosa
628 2819 755 2874 uidebere
772 2819 858 2887 potio,

263 2903 296 2956 Et
313 2902 431 2958 latebras
450 2903 524 2958 uitiis
542 2920 596 2957 uox
615 2903 690 2958 dabit
707 2903 768 2972 ipsa
785 2902 848 2957 tuis.

173 2979 211 3039 rar
226 2989 314 3059 Carpe
332 2987 408 3044 cibos
426 2986 519 3059 digitis
537 3018 569 3028 -
588 2993 631 3042 cst
648 2987 777 3057 quiddam
795 2992 890 3057 gestus
903 2987 1004 3043 edendi
1018 3017 1047 3027 -
