2375 3575
223 456 271 509 146
548 474 660 508 aucune.

221 607 380 663 clamabam
398 604 496 660 ‘scelus
514 603 657 668 estiatur,
675 600 765 656 scelus
784 616 863 655 urere
881 600 975 656 crines.

257 690 361 762 Sponte
379 690 485 744 decent.
503 688 595 758 capiti,
613 687 709 752 ferrea,
728 701 812 755 parce
830 690 888 740 tuo.

223 777 282 830 Vim
300 774 395 845 procul
412 772 477 828 hino
493 788 612 828 remoue.
630 789 685 826 non
703 776 753 836 est,
773 771 820 841 qui
839 771 940 826 debeat
957 769 998 824 uri.

184 876 210 913 ao
257 860 355 915 Erudit
373 860 498 914 admotas
516 858 576 927 ipse
594 857 709 928 capillus
727 857 812 911 acue!

222 946 371 1000 Formosae
388 944 493 1013 periere
512 958 614 1008 comae,
633 957 702 1012 quas
721 941 804 995 uellet
821 941 934 1011 Apollo,

258 1030 333 1097 Quae
350 1028 433 1083 uellet
451 1028 534 1098 capiti
552 1027 677 1081 Bacchus
694 1027 787 1081 inesse
805 1042 864 1081 suo.

225 1114 281 1169 lllis
300 1113 467 1178 contulerim,
486 1128 556 1182 quas
574 1112 713 1181 quondam
730 1111 806 1165 nuda
823 1110 913 1165 Dione

258 1199 383 1267 Pingitur
401 1198 504 1251 umenti
523 1197 687 1253 sustinuisse
706 1213 795 1250 manu.

188 1297 213 1335 35
227 1284 298 1352 Quid
318 1283 388 1337 male
406 1284 555 1353 dispositos
573 1282 696 1352 quereris
713 1280 830 1351 periisse
848 1281 979 1351 capillos?

260 1368 332 1437 Quid
350 1367 491 1438 speculum
509 1371 616 1422 maesta
633 1366 721 1436 ponis,
741 1367 842 1435 inepta,
862 1365 963 1420 manu?

224 1454 284 1508 Non
302 1454 373 1507 bene
391 1453 529 1507 consuetis
548 1469 565 1505 a
582 1457 611 1506 te
629 1451 763 1522 spectaris
781 1450 883 1505 ocellis.

260 1538 295 1592 vt
312 1537 431 1607 plamae,
450 1538 534 1593 debes
552 1538 692 1591 immemor
711 1552 773 1590 esse
790 1536 839 1589 tui

225 1624 286 1678 Non
303 1627 331 1677 te
349 1626 475 1677 cantatae
493 1622 632 1677 laeserunt
647 1621 742 1691 pelicis
760 1620 869 1685 herbae,

187 1720 214 1758 40
260 1708 320 1762 Non
338 1724 408 1761 anus
426 1707 578 1761 Haemonia
595 1706 700 1776 perfida
717 1705 786 1760 lauit
802 1721 884 1775 aqna.

226 1794 283 1848 Nec
300 1792 350 1848 tibi
368 1793 410 1848 uis
429 1793 514 1847 morbi
532 1793 626 1846 nocuit
638 1822 670 1830 —
688 1792 782 1862 procul
800 1807 883 1846 omen
900 1793 995 1847 abesto
1007 1821 1041 1854 -,

262 1879 317 1933 Neo
335 1878 431 1932 minuit
449 1878 549 1932 densas
567 1878 662 1932 inuida
678 1877 772 1947 lingua
789 1873 892 1931 comae.

227 1964 314 2017 Facta
332 1979 414 2016 mauu
431 1962 565 2033 culpaque
584 1967 633 2016 tua
650 1963 795 2033 dispendia
812 1962 908 2017 sentis.

262 2048 327 2116 Ipsa
345 2048 431 2102 dabas
450 2047 533 2116 capiti
550 2048 636 2101 mixta
653 2064 759 2102 uenena
776 2052 833 2101 tuo.

189 2143 216 2181 ee
228 2132 306 2186 Nunc
324 2132 373 2187 tibi
392 2133 517 2202 captiuos
536 2132 626 2187 mittet
644 2133 790 2188 Germania
807 2132 904 2186 crines.

263 2217 335 2271 Tuta
352 2217 535 2287 triumphatae
554 2234 665 2272 munere
683 2217 773 2286 gentis
791 2217 852 2271 erio.

230 2303 252 2356 0
271 2318 354 2371 qnam
372 2318 455 2370 saepe
474 2318 566 2356 comas
584 2302 678 2372 aliquo
695 2303 810 2356 mirante
827 2302 950 2366 iubebis,

263 2387 300 2442 Et
318 2388 392 2441 dices
412 2390 512 2456 ‘empta
530 2402 602 2440 nuno
620 2402 671 2455 ego
689 2403 777 2442 merce
795 2387 904 2457 probor.

230 2471 328 2525 Nescio
348 2488 430 2541 quam
446 2488 496 2540 pro
515 2487 558 2525 me
575 2471 671 2527 laudat
688 2488 760 2526 nunc
778 2473 832 2527 iste
849 2472 1035 2543 Sygambram.

191 2567 217 2604 uo
264 2556 351 2611 Fama
369 2560 462 2609 tamen
480 2556 589 2610 memini
607 2573 669 2611 cum
686 2557 811 2612 initiata
828 2558 907 2611 mea’

132 2692 134 2696 .
230 2641 273 2695 lle
291 2642 431 2696 miserum!
450 2641 576 2696 lacrimas
594 2642 666 2696 male
684 2642 816 2708 continet,
836 2658 941 2713 oroque
959 2643 1051 2698 dextra

264 2726 393 2794 Protegit,
412 2726 545 2795 ingenuas
563 2727 638 2795 picta
655 2727 753 2782 mbore
771 2742 865 2796 genae.

231 2811 355 2866 Sustinet
371 2811 500 2881 antiquos
517 2811 621 2879 gremio
639 2815 802 2882 spectatque
820 2812 943 2882 capillos,

264 2894 298 2948 Ei
317 2895 389 2961 mihi,
408 2911 464 2949 nou
479 2895 526 2948 illo
544 2912 657 2950 munera
673 2896 759 2966 digna
774 2898 844 2952 loco.
