2375 3575
469 500 578 534 nubunt.

144 629 220 685 Delia
238 629 407 684 descendeus
426 630 549 684 telieius'
567 628 656 698 iuquit
674 630 774 681 ‘amata

174 715 241 769 Sum
261 714 318 769 tibi.
339 715 442 779 uixisti,
462 716 524 768 dum
543 719 607 768 tuus
625 714 697 782 ignis
716 712 806 766 eram.'

144 800 189 855 bui
208 800 331 854 Nemesis
349 800 431 870 ‘quid'
450 800 489 853 ait
507 800 563 853 ‘tibi
581 804 646 853 sunt
663 815 724 851 mea
742 798 841 851 danius
857 797 960 852 doleri?

173 886 217 939 hie
234 886 321 939 tenuit
338 885 455 939 moriens
473 884 616 938 definiente
635 883 733 936 manu!

144 970 170 1025 si
188 975 280 1024 tanen
298 971 409 1024 euobis
428 970 530 1039 aliquid
548 970 599 1023 uisi
619 985 717 1022 nemen
735 974 762 1022 et
780 967 879 1033 umbra

174 1056 284 1120 Restat,
302 1057 329 1108 in
347 1054 441 1126 Elysia
459 1055 530 1108 ualle
548 1054 670 1107 Tibullus
690 1054 747 1107 erit.

144 1142 244 1197 Obuius
262 1140 326 1194 huie
343 1140 438 1194 uenias
456 1140 557 1193 hedera
575 1138 713 1192 iuuenalia
730 1138 835 1192 einetus

174 1226 310 1295 Tempora
327 1240 388 1279 eum
407 1225 505 1290 Calue,
525 1225 605 1279 ‹leete
623 1223 740 1288 Catulle,
759 1228 819 1288 tue,

144 1312 182 1365 lu
200 1327 321 1381 queque,
342 1310 364 1364 si
383 1310 511 1364 falsumst
528 1309 652 1363 temerati
674 1310 775 1361 crimen
793 1306 883 1372 amici,

175 1396 322 1465 Sanguinis
341 1400 423 1465 atque
443 1396 549 1449 animae
566 1394 681 1463 prodige
700 1393 777 1448 Galle
794 1396 866 1446 tuae.

144 1480 190 1535 liis
203 1497 294 1535 eomes
307 1482 402 1535 umbra
414 1485 496 1534 tuast.
510 1482 617 1549 siquast
629 1480 710 1533 mode
724 1478 845 1548 eorporis
857 1476 960 1541 umbra,

175 1565 281 1620 Auxisti
290 1576 438 1630 numeres,
458 1565 529 1619 culte
548 1564 666 1631 Tibulle,
685 1564 755 1634 pios.

144 1652 212 1707 Ossa
230 1651 334 1721 quieta,
353 1666 461 1720 precer,
480 1655 541 1703 tuta
558 1650 720 1719 requiescite
737 1649 764 1701 in
783 1665 863 1711 urna,

174 1736 209 1791 Et
227 1737 264 1792 sit
281 1736 378 1790 humus
398 1736 481 1790 cineri
501 1751 554 1789 uon
573 1752 690 1790 onerosa
707 1735 768 1789 tue!

510 2181 550 2246 X.

144 2337 240 2389 Annua
257 2339 390 2387 uenerunt
409 2333 528 2388 Cerealis
546 2339 670 2402 tempora
688 2333 765 2388 sacri.

175 2419 295 2474 Secubat
313 2419 339 2472 in
360 2435 448 2472 uaeue
467 2420 527 2474 sola
544 2419 637 2488 puella
654 2423 723 2472 toro.

144 2505 227 2559 Flaua
245 2505 340 2567 Ceres,
359 2508 456 2558 tenues
475 2504 558 2573 spinis
576 2504 703 2557 redimita
721 2503 846 2572 capillos

175 2590 230 2645 Gur
247 2589 352 2644 inhibes
371 2589 456 2643 sacris
476 2589 619 2642 commoda
637 2592 731 2643 nostra
748 2589 820 2642 tuis?

144 2675 191 2742 Te,
211 2675 275 2740 dea,
293 2674 447 2728 munificam
465 2679 561 2742 gentes
580 2674 737 2744 ubiquaque
755 2673 892 2738 locuntur,

174 2760 230 2816 Nee
248 2759 337 2814 miuus
355 2759 481 2814 humanis
499 2760 605 2814 inuidet
623 2759 678 2813 ulla
696 2759 782 2814 bonis,

144 2848 212 2900 Ante
230 2861 282 2900 nee
299 2844 395 2900 hirsuti
414 2845 553 2899 torrebant
570 2845 644 2898 farra
662 2843 761 2908 coloni,

174 2931 230 2986 Neu
248 2935 342 2985 netum
359 2930 439 2985 terris
458 2947 522 2984 area
540 2947 639 2984 nomeu
657 2935 728 2995 erat,
