2375 3575
466 386 512 419 sus
526 386 666 421 sunnonis.
918 365 949 417 89

180 518 274 585 Turpe
290 531 376 586 pecus
394 515 525 581 mutilum,
543 516 631 585 turpis
649 516 707 571 sine
724 516 847 585 gramine
864 533 984 588 campus,

129 611 167 654 teo
218 601 253 655 Et
270 601 330 655 sine
346 600 443 656 fronde
459 600 556 665 frutex,
575 605 603 655 et
621 601 679 656 sine
697 602 771 656 crine
788 606 877 671 caput.

180 689 240 741 Non
259 686 324 741 mihi
342 687 463 752 uenistis,
483 686 588 743 Semele
606 687 721 752 Ledeue,
741 687 893 753 docendae,

216 773 321 843 Perque
337 771 436 827 fretum
454 772 532 838 falso,
552 771 653 838 Sidoni,
673 779 753 828 uecta
769 773 848 840 boue,

180 862 238 913 Aut
253 857 363 920 Helene,
383 872 465 928 quam
483 874 538 912 non
555 858 645 923 stulte,
664 859 791 924 Menelae,
810 858 939 927 reposcis,

215 944 257 998 'lu
276 959 387 1014 quoque
402 960 456 997 non
474 942 564 1008 stulte,
584 943 679 997 Troice
697 949 798 1014 raptor,
818 944 910 999 habes.

132 1036 167 1077 2⁵⁵
180 1030 274 1085 Turba
291 1029 412 1084 docenda
430 1029 511 1094 uenit,
529 1028 659 1097 pulchrae
676 1032 824 1099 turpesque
842 1028 956 1099 puellae.

214 1114 350 1184 Pluraque
369 1117 433 1169 sunt
450 1131 557 1184 semper
575 1114 709 1169 deteriora
726 1115 813 1169 bonis.

181 1201 329 1254 Formosae
348 1216 401 1253 non
420 1200 487 1254 artis
505 1216 584 1269 opem
603 1203 806 1269 praeceptaque
824 1203 966 1270 quaerunt.

219 1286 267 1341 Est
285 1284 338 1340 illis
356 1302 407 1339 sua
424 1286 474 1340 dos
492 1285 580 1339 forma
598 1285 657 1339 sine
676 1289 734 1340 arte
752 1289 858 1354 potens.

181 1372 249 1426 Onm
269 1387 343 1425 mare
361 1371 575 1440 compositumst
596 1386 707 1425 securus
727 1371 821 1425 nauita
839 1375 937 1425 cessat.

134 1461 168 1503 κθ
215 1457 283 1511 Cum
301 1460 393 1520 tumet,
413 1455 519 1510 auxiliis
538 1456 646 1511 adsidet
663 1456 707 1511 ille
726 1457 790 1512 suis.

179 1542 254 1597 Rara
271 1546 362 1595 tamen
379 1542 477 1595 mendo
495 1541 580 1596 facies
599 1546 680 1596 caret.
699 1542 792 1597 occule
813 1541 933 1607 mendas,

215 1629 329 1697 Quaque
346 1632 435 1696 potes,
454 1627 549 1681 uitium
563 1629 689 1698 corporis
708 1628 776 1683 abde
794 1627 842 1681 tui.

180 1714 209 1769 Si
227 1712 318 1767 breuis
337 1730 374 1778 es,
393 1712 499 1778 sedeas,
518 1730 552 1767 ne
570 1718 647 1767 stans
666 1714 775 1767 uideare
793 1713 899 1777 sedere,

215 1800 300 1869 lnque
317 1804 365 1853 tuo
383 1799 474 1854 iaceas
493 1800 741 1870 quantulacumque
757 1805 825 1854 toro.

136 1889 168 1931 κδ
180 1885 233 1940 Hic
253 1901 369 1954 quoque,
389 1901 422 1938 ne
441 1886 529 1954 possit
546 1886 603 1939 fieri
622 1902 749 1939 mensura
767 1883 899 1949 cubantis,

216 1971 320 2024 lniecta
337 1969 441 2024 lateant
458 1971 503 2024 iac
521 1971 568 2025 tibi
587 1977 664 2025 ueste
682 1971 775 2040 pedes.
844 2005 848 2009 -

180 2057 258 2123 Quae
275 2055 385 2109 nimium
404 2056 522 2124 gracilis,
540 2057 621 2126 pleno
640 2055 775 2110 uelamina
793 2056 837 2110 filo
919 2105 921 2108 r

214 2141 318 2206 Snmat,
337 2145 366 2195 et
383 2157 417 2196 ex
434 2142 534 2196 umeris
551 2143 630 2198 laxus
648 2143 764 2197 amictus
783 2149 836 2196 eat.

179 2226 287 2282 Pallida
304 2227 447 2296 purpureis
465 2233 578 2298 spargat
597 2245 647 2282 sua
665 2244 779 2297 corpora
797 2228 887 2296 uirgis.

130 2319 166 2359 πο
215 2312 322 2381 Nigrior
339 2313 374 2366 ad
391 2312 481 2367 Pharii
498 2314 616 2382 confuge
633 2313 717 2384 piscis
736 2331 823 2384 opem.

178 2399 233 2453 Pes
251 2398 339 2453 malus
357 2398 385 2452 in
403 2398 484 2452 niuea
501 2415 608 2468 semper
627 2399 727 2454 celetur
745 2399 830 2461 aluta,

216 2483 301 2538 Arida
319 2500 368 2538 nec
385 2484 482 2539 uinclis
500 2501 579 2539 crura
596 2485 702 2540 resolue
721 2485 786 2540 suis.

179 2570 356 2627 Conueniunt
372 2574 469 2625 tenues
487 2571 608 2642 scapulis
627 2570 811 2640 anuleptrides
829 2570 899 2626 altis.

215 2659 369 2725 Angustum
388 2655 461 2710 circa
477 2656 565 2712 fascia
581 2661 677 2726 pectus
695 2662 748 2711 eat.

129 2766 165 2805 urs
181 2742 289 2811 Exiguo
307 2743 397 2810 signet
414 2746 501 2810 gestu,
521 2743 711 2813 quodcumque
729 2742 867 2812 loquetur,

215 2829 266 2885 Oui
285 2828 362 2896 digiti
380 2827 496 2897 pingues
514 2834 542 2883 et
558 2828 655 2884 scaber
674 2828 772 2897 unguis
792 2829 850 2883 erit.
