2375 3575
245 446 278 496 62
526 468 572 501 nus
586 468 726 502 mercum.

244 597 324 663 Dixit
344 602 371 651 et
389 612 406 650 e,
422 600 509 669 myrto
528 627 558 634 -
578 601 665 669 myrto
683 614 746 651 nam
764 597 858 651 uincta
875 597 990 667 capillos

279 682 445 738 Constiterat
462 713 495 723 -
512 681 607 736 folium
624 698 763 753 granaque
779 698 870 752 pauca
887 683 972 738 dedit
1066 671 1069 680 ยน

205 788 231 826 55
245 768 385 823 Sensimus
403 767 523 838 acceptis
540 784 641 822 numen
659 784 775 839 quoque.
793 768 886 839 purior
904 769 999 824 aether

278 853 372 919 Fulsit,
391 856 418 907 et
435 869 451 908 e
468 857 527 908 toto
544 856 655 924 pectore
673 854 756 909 cessit
774 870 850 909 onus.

244 938 316 993 Dum
332 938 398 994 facit
414 939 563 1009 ingenium,
586 940 671 1009 petite
689 938 752 993 hinc
770 943 931 1010 praecepta,
950 938 1054 1010 puellae

278 1023 352 1091 Quas
370 1024 459 1094 pudor
476 1028 503 1079 et
519 1023 594 1093 leges
613 1028 642 1078 et
658 1041 709 1080 sua
725 1025 786 1079 iura
802 1024 902 1080 sinunt.

245 1109 380 1163 Venturae
397 1125 529 1164 memores
547 1109 602 1164 iam
620 1126 692 1164 nunc
711 1113 799 1165 estote
816 1113 955 1165 senectae.

204 1213 231 1251 oo
279 1194 325 1251 Sic
341 1194 444 1249 nullum
461 1195 539 1251 uobis
557 1198 665 1266 tempus
683 1195 769 1251 abibit
785 1196 865 1251 iners.

245 1280 317 1334 Dum
334 1279 404 1346 licet,
424 1284 452 1334 et
469 1297 550 1336 ueros
569 1280 651 1336 etiam
669 1297 741 1335 nunc
759 1280 871 1352 carpitis
889 1297 987 1349 annos,

278 1365 383 1419 Ludite.
403 1371 468 1420 eunt
485 1366 548 1420 anni
567 1382 641 1421 more
658 1366 767 1421 fluentis
786 1382 882 1436 aquae.

244 1450 300 1505 Nec
318 1466 388 1521 quae
406 1451 552 1521 praeteriit,
571 1451 668 1507 iterum
685 1451 857 1507 reuocabitur
876 1452 964 1519 unda,

277 1536 333 1592 Neo
350 1553 420 1608 quae
438 1538 585 1608 praeteriit,
604 1536 671 1592 hora
688 1537 775 1592 redire
793 1542 893 1608 potest.

205 1638 232 1675 os
248 1622 266 1675 V
269 1623 408 1677 tendumst
426 1626 524 1677 aetate.
543 1622 598 1676 cito
616 1623 686 1693 pede
703 1621 803 1678 labitur
820 1626 911 1690 aetas,

279 1708 334 1761 Nec
351 1708 424 1762 bona
441 1711 496 1762 tam
515 1708 646 1778 sequitur,
665 1725 746 1779 quam
764 1708 837 1763 bona
853 1708 944 1777 prima
960 1708 1019 1764 ruit.

245 1795 303 1850 Hos
321 1810 380 1862 ego,
400 1794 446 1864 qui
465 1799 570 1860 canent,
589 1793 701 1850 frutices
720 1794 833 1850 uiolaria
850 1794 914 1849 uidi.

279 1880 338 1934 Hac
356 1879 420 1932 mihi
439 1879 472 1933 de
490 1880 569 1949 spina
586 1884 666 1950 grata
683 1897 784 1936 corona
802 1881 901 1935 datast.

246 1964 363 2034 Tempus
381 1965 439 2030 erit,
459 1981 512 2035 quo
530 1969 568 2030 tu,
589 1981 659 2035 quae
678 1981 750 2020 nunc
768 1964 889 2020 excludis
906 1970 1038 2033 amantes,

206 2065 232 2103 ro
279 2050 388 2119 Frigida
406 2050 514 2105 deserta
532 2055 611 2106 nocte
629 2051 730 2106 iacebis
749 2069 829 2117 anus,

245 2135 301 2190 Neo
318 2140 365 2191 tua
382 2135 521 2205 frangetur
539 2142 672 2191 nocturna
688 2137 770 2191 ianua
787 2138 858 2203 rixa,

281 2221 384 2292 Sparsa
401 2238 452 2277 neo
468 2222 591 2296 inuenies
608 2221 702 2277 limina
719 2239 798 2278 mane
816 2239 887 2278 rosa

249 2307 336 2375 Quam
348 2307 402 2361 cito
414 2339 447 2347 -
460 2323 503 2362 me
521 2308 647 2363 miserum
661 2339 691 2348 -
711 2310 835 2363 laxantur
853 2324 971 2378 corpora
982 2310 1063 2380 rugis,

280 2392 314 2446 Et
331 2392 401 2462 perit
418 2393 446 2447 in
463 2392 549 2448 nitido
567 2394 614 2464 qui
632 2393 684 2448 luit
701 2410 747 2448 ore
766 2393 846 2449 color.

207 2492 233 2529 rs
247 2477 374 2548 Quasque
392 2477 477 2533 fuisse
496 2479 545 2533 tibi
563 2495 646 2534 canas
663 2497 680 2533 a
698 2479 801 2550 uirgine
817 2479 899 2544 iuras,

280 2563 448 2633 Spargentur
465 2565 556 2620 subito
573 2581 622 2635 per
639 2569 722 2635 caput
739 2581 819 2620 omne
836 2581 939 2621 comae.

247 2649 388 2719 Anguibus
407 2650 512 2704 exuitur
529 2651 605 2705 tenui
622 2668 683 2707 oum
701 2650 770 2721 pelle
789 2653 925 2716 uetustas,

279 2733 334 2789 Nec
351 2734 455 2789 faciunt
472 2751 567 2790 ceruos
586 2752 688 2791 cornua
704 2736 778 2790 iacta
795 2752 883 2792 senes.

246 2818 344 2874 Nostra
361 2820 420 2874 sine
438 2820 537 2875 auxilio
554 2821 662 2891 fugiunt
679 2822 758 2878 bona.
776 2821 879 2892 carpite
897 2821 1007 2891 florem,

207 2917 233 2956 so
280 2904 339 2971 Qui,
359 2906 410 2960 nisi
428 2912 538 2976 carptus
557 2908 614 2972 erit
633 2907 747 2978 turpiter
765 2907 823 2976 ipse
842 2907 930 2963 cadet.
