2375 3575
232 441 280 492 lod
558 462 667 496 ruorrns.

227 593 297 661 Quid
310 592 358 647 tibi
374 624 396 631 -
416 609 459 647 me
469 592 596 647 miserum
610 621 640 630 —
655 591 788 663 zephyros
799 607 935 662 eurosque
946 592 1033 660 timebo

190 692 214 730 ro
262 678 296 732 Et
313 677 432 746 gelidum
450 678 550 733 borean
568 676 758 747 egelidumque
777 678 889 732 notum?

227 764 285 818 Non
303 763 358 818 illic
377 764 468 829 urbes,
487 779 540 816 non
558 767 589 816 tu
608 762 739 817 mirabere
757 762 851 818 siluas.

263 849 348 903 Vnast
364 848 458 903 iniusti
476 847 584 903 caerula
601 848 691 902 forma
708 848 799 903 maris.

226 935 282 988 Nec
301 935 404 989 medius
422 934 513 988 tenuis
532 933 650 988 conchas
668 934 810 1004 pictosque
829 933 937 1004 lapillos

262 1020 364 1074 Pontus
382 1019 472 1074 habet
491 1017 573 1073 bibuli
592 1018 679 1073 litoris
697 1018 743 1072 illa
761 1024 872 1073 morast.

191 1118 214 1155 15
229 1105 321 1160 Litora
340 1104 495 1159 marmoreis
513 1103 628 1173 pedibus
648 1104 767 1172 signate,
786 1104 903 1174 puellae.

262 1190 401 1245 Hactenus
419 1194 462 1244 est
479 1192 575 1243 tutum.
595 1194 687 1243 cetera
704 1205 787 1243 caeca
804 1189 885 1245 uiast.

227 1276 262 1330 Et
281 1276 358 1331 uobis
376 1275 422 1329 alii
440 1282 584 1330 uentorum
602 1275 705 1344 proelia
724 1279 842 1340 narrent

262 1361 335 1428 Quas
355 1360 446 1432 Scylla
462 1360 584 1425 infestet,
603 1376 708 1429 quasue
726 1360 878 1431 Charybdis
897 1377 991 1431 aquas,

227 1446 262 1500 Et
281 1446 379 1516 quibus
398 1446 535 1500 emineant
553 1444 674 1499 uiolenta
691 1444 826 1499 Ceraunia
844 1446 934 1510 saxis,

188 1542 214 1582 ao
262 1534 321 1599 Quo
339 1531 443 1586 lateant
460 1530 553 1602 Syrtes
572 1546 672 1598 magna
689 1530 831 1601 minorque
849 1532 920 1585 sinu.

227 1618 302 1671 llaec
320 1617 365 1671 alii
383 1617 509 1672 referant.
528 1621 557 1671 at
575 1632 628 1671 uos
646 1615 719 1686 quod
737 1616 853 1685 quisque
871 1616 995 1687 loquetur

261 1703 378 1758 Credite.
397 1703 516 1757 credenti
534 1702 609 1756 nulla
626 1701 746 1771 procella
764 1706 851 1756 nocet.

228 1790 294 1844 Sero
312 1789 456 1859 respicitur
473 1788 565 1854 tellus,
585 1789 631 1844 ubi
648 1789 714 1842 lune
731 1786 821 1842 soluto

263 1874 352 1929 Currit
369 1875 395 1928 in
414 1878 566 1928 inmensum
583 1874 677 1944 panda
694 1873 786 1928 carina
803 1873 900 1938 salum,

189 1968 214 2005 25
227 1961 325 2015 Nauita
344 1960 475 2014 sollicitus
494 1976 575 2030 quom
595 1963 692 2014 uentos
710 1959 801 2013 horret
819 1959 941 2029 iniquos,

261 2045 296 2100 Et
314 2062 399 2115 prope
418 2052 472 2099 tam
491 2046 574 2099 letum
593 2060 676 2114 quam
694 2062 778 2114 prope
796 2045 882 2099 cernit
901 2060 1001 2115 aquam.

228 2131 347 2198 Quodsi
367 2147 516 2185 concussas
534 2131 628 2185 Triton
647 2134 791 2201 exasperet
810 2131 911 2194 undas,

263 2217 349 2284 Quam
367 2217 416 2272 tibi
435 2217 470 2272 sit
488 2221 546 2270 toto
566 2216 656 2271 nullus
675 2217 702 2271 iu
720 2232 766 2270 ore
785 2214 872 2270 color!

229 2303 297 2356 Tum
316 2318 450 2370 generosa
468 2318 549 2357 uoces
569 2302 701 2357 fecundae
719 2301 810 2356 sidera
828 2301 933 2365 Ledae,

191 2398 215 2434 30
264 2387 299 2441 Et
318 2386 405 2449 ‘felix’‚
425 2388 500 2442 dicas
520 2394 609 2458 ‘quem
628 2404 678 2441 sua
696 2391 769 2441 terra
786 2387 882 2441 tenet’!

229 2473 325 2526 Tutius
344 2479 387 2527 est
404 2473 507 2528 fouisse
524 2479 614 2526 torum
632 2472 732 2542 legisse
749 2471 855 2527 libellos

262 2558 414 2613 Threiciam
432 2552 524 2628 digitis
542 2558 709 2628 increpuisse
728 2557 820 2629 lyram.

228 2646 264 2698 At
283 2645 304 2698 si
326 2661 396 2697 uana
415 2646 504 2698 lerunt
523 2643 647 2698 uolucres
665 2660 726 2698 mea
744 2642 816 2697 dicta
834 2643 983 2713 procellae,

265 2732 360 2799 Aequa
377 2735 467 2782 tamen
486 2729 571 2799 puppi
590 2729 626 2783 sit
645 2729 759 2784 Galatea
776 2733 848 2783 tuae.

191 2821 215 2858 ³⁵
229 2812 354 2868 Vestrum
373 2815 474 2868 crimen
493 2815 543 2867 erit
560 2815 623 2870 talis
641 2815 746 2868 iactura
763 2812 881 2882 puellae,

265 2899 445 2968 Nereidesque
465 2900 531 2954 deae
550 2900 748 2970 Nereidumque
766 2904 852 2969 pater.
