2375 3575
242 463 274 511 44
520 479 567 514 ins
582 480 728 515 3113101111.

191 634 227 673 eos
242 613 357 669 Braolria
375 614 508 678 saltantis,
527 630 624 669 uocem
642 615 740 670 mirare
758 614 894 681 canentis,

275 699 317 765 Et,
335 700 409 769 quod
427 700 545 765 desierit,
564 700 649 755 uerba
666 700 804 771 querentis
823 700 902 756 habe

240 785 320 855 lpsos
338 785 506 850 concubitus,
524 785 615 854 ipsum
633 802 762 840 uenerere
779 784 882 852 licebit,

275 870 353 938 Quod
371 869 455 937 iuuat,
473 875 502 924 et
518 871 649 940 praedam
667 872 767 939 gaudia
785 872 873 926 noetis
892 872 969 928 habe.

242 956 275 1010 Vt
293 956 373 1011 luerit
389 963 470 1010 torua
487 956 631 1010 uiolentior
648 956 695 1010 illa
711 956 838 1023 Medusa,

190 1060 228 1098 aro
276 1041 337 1095 Fiet
354 1041 469 1095 amatori
487 1041 555 1095 leuis
575 1046 602 1095 et
620 1058 708 1112 aequa
728 1058 785 1097 suo.

241 1126 410 1181 Tantumne
429 1136 525 1196 pateas
544 1127 635 1182 uerbis
654 1127 796 1182 simulator
812 1128 839 1181 in
858 1126 912 1183 illis

275 1211 358 1265 Effice
377 1228 427 1265 neo
445 1211 523 1265 uultu
542 1213 652 1267 destrue
671 1212 746 1268 diota
762 1217 818 1267 tuo.

241 1296 268 1350 Si
288 1297 355 1351 latet
373 1313 424 1358 ars,
444 1298 563 1366 prodest.
583 1297 672 1352 adfert
690 1297 826 1368 deprensa
842 1298 975 1367 pudorem

275 1386 364 1452 Atque
383 1383 477 1436 adimit
495 1383 590 1437 merito
608 1387 717 1452 tempus
736 1384 763 1438 in
781 1400 861 1438 omne
879 1383 969 1439 fidem.

190 1486 227 1524 313
241 1467 329 1537 Saepe
348 1468 398 1523 sub
416 1475 582 1533 autumnum,
602 1485 663 1523 oum
681 1468 894 1525 formosissimus
913 1486 1009 1536 annus,

274 1552 411 1624 Plenaque
428 1569 564 1623 purpureo
583 1554 713 1610 subrubet
730 1571 785 1609 uua
803 1570 888 1614 mero.

240 1638 306 1692 Ourn
326 1641 406 1693 modo
423 1639 568 1707 frigoribus
585 1640 723 1709 premitur,
742 1640 823 1694 modo
841 1640 956 1695 soluitur
974 1644 1052 1702 aestu,

274 1727 343 1779 Aere
362 1741 416 1778 non
435 1729 509 1779 oerto
527 1740 643 1795 corpora
661 1724 775 1793 languor
793 1725 883 1780 habet.

240 1809 289 1864 llla
307 1810 414 1881 quidem
434 1811 533 1865 ualeat.
552 1811 601 1865 sed
619 1812 642 1866 si
661 1811 732 1865 male
749 1811 827 1865 firma
844 1811 955 1867 oubabit

190 1912 228 1952 eae
275 1895 311 1949 Et
329 1896 424 1950 uitium
443 1897 511 1950 caeli
530 1897 646 1951 senserit
663 1911 747 1964 aegra
765 1897 819 1962 sui,

241 1980 317 2035 Tune
334 1998 409 2035 amor
427 1986 455 2036 31
473 1982 561 2051 pietas
578 1988 628 2036 tua
646 1983 682 2037 sit
699 1981 845 2036 manifesta
862 1982 984 2051 puellae,

273 2065 342 2120 Tum
360 2083 428 2133 sere,
447 2067 519 2137 quod
538 2067 619 2137 plena
637 2068 783 2137 postmodo
801 2067 871 2121 faloe
891 2072 988 2123 metas.

239 2151 294 2206 Neo
311 2152 360 2207 tibi
378 2154 478 2207 morosi
496 2153 608 2207 ueniant
626 2153 738 2208 fastidia
756 2153 855 2218 morbi,

274 2237 378 2307 Perque
396 2241 458 2293 tuas
476 2238 543 2292 liant
560 2254 631 2308 quae
650 2239 721 2293 sinet
738 2239 800 2308 ipsa
818 2254 922 2294 manus.

188 2338 226 2380 aas
239 2321 275 2376 Et
293 2323 385 2377 uideat
401 2323 518 2391 flentem,
537 2340 587 2378 nee
604 2324 715 2379 taedeat
734 2324 828 2379 osenla
844 2325 927 2390 ferre,

273 2408 309 2462 llt
325 2409 398 2464 siooo
416 2409 541 2463 lacrimas
560 2409 687 2464 conbibat
704 2425 751 2464 ore
768 2413 838 2463 tuas.

239 2494 324 2549 Multa
342 2511 413 2549 uoue
431 2495 480 2550 sed
499 2499 598 2549 ounota
614 2494 713 2565 palam,
733 2495 914 2565 quotiensque
932 2493 1035 2560 libebit,

274 2579 350 2647 Quae
368 2580 471 2636 1313133
489 2581 539 2647 1111,
558 2580 665 2636 somnia
682 2581 755 2636 laeta
772 2580 843 2635 uide.

240 2665 276 2718 Et
293 2665 397 2731 ueniat,
417 2681 487 2735 qnae
505 2666 603 2722 lustret
621 2684 690 2722 auus
708 2667 863 2736 lectumque
881 2665 1028 2738 locumque

189 2763 226 2803 333
274 2749 414 2805 Praeferat
431 2755 459 2805 et
476 2752 591 2806 tremula
610 2751 704 2822 sulpur
722 2755 751 2806 et
769 2767 822 2805 oua
840 2767 931 2805 11131111.

240 2835 371 2892 Omnibus
388 2836 432 2891 his
449 2836 558 2892 inerunt
575 2842 669 2906 gratae
688 2837 805 2905 uestigia
823 2852 912 2891 ourae.

273 2922 304 2977 ln
321 2921 430 2978 tabulas
449 2923 540 2978 multis
558 2923 627 2977 haee
645 2923 690 2977 uia
708 2921 773 2976 feeit
790 2921 848 2976 iter.
