2375 3575
414 757 446 821 P.
470 754 597 821 uvion
619 753 787 821 ursonis
927 845 931 854 .

286 883 484 980 ARTIS
520 881 930 978 AMATORIAE

450 1039 566 1099 LIBER
587 1037 741 1098 PRIMUS.

213 1235 309 1305 Siquis
326 1235 354 1289 in
372 1235 425 1289 hoc
442 1238 528 1289 artem
545 1234 648 1305 populo
667 1250 721 1288 non
740 1233 817 1287 nouit
836 1234 953 1300 emendi,

248 1320 309 1375 Hoc
324 1320 399 1389 leget
417 1323 445 1375 et
461 1320 533 1374 lecto
552 1319 671 1374 carmine
690 1320 787 1373 doctus
806 1322 886 1373 amet.

214 1406 281 1459 Arte
299 1405 370 1459 citae
386 1405 503 1475 ueloque
520 1407 594 1459 retes
612 1420 741 1474 remoque
759 1408 914 1470 mouentur,

248 1492 315 1544 Arte
332 1490 408 1545 lenes
427 1506 530 1544 currus.
566 1493 624 1544 arte
642 1489 777 1559 regendus
796 1505 880 1544 amor.

186 1574 344 1630 scurribus
361 1576 534 1629 Automedon
552 1575 688 1645 lentisque
707 1576 765 1628 erat
783 1577 865 1644 aptus
883 1573 1005 1640 habenis,

248 1659 351 1732 Tiphys
368 1649 405 1713 in³
414 1660 566 1715 Haemonia
582 1675 675 1730 puppe
692 1656 822 1727 magister
840 1662 906 1714 erat.

215 1745 258 1800 Me
277 1744 367 1801 Venus
386 1745 517 1800 artificem
534 1748 628 1800 tenero
647 1745 777 1816 praefecit
795 1744 896 1811 Amori,

248 1830 351 1902 Tiphys
370 1835 398 1885 et
416 1832 586 1886 Automedon
606 1831 680 1885 dicer
693 1830 799 1885 Amoris
818 1846 878 1900 ego.

213 1916 262 1970 llie
280 1916 389 1986 quidem
406 1919 481 1971 ierus
499 1919 586 1970 estet
604 1916 651 1986 qui
669 1915 734 1970 mihi
752 1931 835 1985 saepe
853 1917 997 1984 repugnet,

176 2015 201 2052 io
251 2001 305 2056 Sed
322 2017 390 2071 puer
408 2006 462 2067 est,
480 2007 557 2056 aetas
577 2000 664 2056 mollis
683 2004 711 2055 et
729 2005 794 2070 apte
812 1999 878 2070 regi.

213 2086 373 2158 Phillyrides
391 2103 505 2156 puerum
523 2087 629 2141 cithara
645 2085 760 2156 perfecit
777 2085 923 2150 Achillem,

247 2173 338 2242 Atque
356 2172 462 2227 animos
479 2171 588 2242 placida
607 2171 732 2226 contudit
748 2174 808 2226 erte
826 2171 906 2224 ieros.

213 2256 266 2325 Qui
284 2256 385 2312 totiens
405 2256 502 2322 socios,
521 2256 622 2312 totiens
641 2257 770 2310 exterruit
786 2256 894 2320 hostes,

248 2341 373 2396 Creditur
390 2357 524 2397 annosum
541 2342 715 2411 pertimuisse
734 2357 835 2396 senem.

175 2439 198 2477 15
211 2427 287 2496 Quas
306 2426 406 2482 Hector
424 2443 554 2482 sensurus
572 2431 643 2492 erat,
666 2430 797 2496 poscente
816 2426 947 2496 magistro

246 2512 407 2567 Verberibus
425 2513 515 2568 iussas
532 2513 659 2582 praebuit
676 2512 720 2566 iile
740 2528 844 2567 manus,

210 2597 348 2652 Aeacidae
366 2597 478 2663 Chiron,
503 2613 554 2666 ego
572 2615 633 2652 sum
651 2602 812 2667 praeceptor
829 2597 947 2652 Amoris.

245 2681 352 2737 Saeuus
370 2686 485 2753 uterque
502 2699 577 2753 puer.
603 2687 683 2738 natus
702 2688 815 2753 uterque
835 2683 894 2737 dee.

211 2768 267 2822 Sed
284 2771 376 2822 tamen
394 2772 422 2822 et
438 2768 508 2822 tauri
528 2769 619 2823 ceruix
637 2773 765 2823 oneratur
783 2769 881 2833 aratro,

130 2874 135 2885 ··
175 2861 199 2900 ur
248 2852 388 2923 Frenaque
407 2854 570 2922 magnanimi
589 2854 671 2908 deute
688 2857 813 2908 teruntur
834 2853 904 2923 equi.
