2375 3575
241 463 274 516 36
547 487 593 521 aas
607 488 746 521 nuraronrx.

240 616 342 671 Dextra
360 617 514 688 Lebynthos
532 621 590 671 erat
609 616 739 687 siluisque
757 618 886 673 umbrosa
903 619 1021 692 Calymne

203 716 227 752 so
274 702 424 772 Cinctaque
441 703 557 773 piscosis
574 703 742 773 Astypalaea
761 703 851 766 uadis,

241 788 307 842 Cum
325 803 393 859 puer
410 788 527 843 incautis
545 788 656 842 nimium
674 788 834 843 temerarius
853 790 932 844 arinis

274 873 362 929 Altius
381 874 505 944 agiliter
523 872 696 943 deseruitque
715 877 828 943 patrem.

239 958 333 1014 Vincla
350 959 450 1024 labant,
470 964 497 1012 et
515 974 577 1012 cera
595 958 646 1012 deo
665 959 791 1028 propiore
809 958 948 1029 liquescit,

273 1044 328 1099 Neo
344 1049 441 1098 tenues
460 1048 557 1098 uentos
575 1042 686 1098 brachia
704 1046 778 1097 mota
794 1048 897 1098 tenent.

201 1143 225 1180 8⁵
239 1130 359 1185 Territus
377 1147 395 1183 a
412 1145 517 1184 summo
535 1129 660 1198 despexit
676 1129 705 1183 in
722 1144 843 1198 aequora
860 1129 943 1185 caelo.

272 1215 330 1270 Nox
348 1214 433 1270 oculis
451 1215 551 1284 pauido
570 1215 645 1268 uenit
662 1214 758 1267 oborta
775 1219 856 1269 metu.

237 1301 393 1355 Tabuerant
411 1316 497 1354 cerae.
517 1300 605 1354 nudos
624 1299 713 1369 quatit
730 1299 774 1353 ille
792 1298 917 1355 lacertos.

272 1386 307 1440 Et
323 1385 443 1455 trepidat
460 1402 509 1440 nec
528 1402 581 1455 quo
601 1385 767 1440 sustineatur
784 1385 873 1440 habet.

237 1471 344 1525 Decidit
354 1474 436 1540 atque
449 1471 549 1524 cadens
569 1475 661 1540 pater,
680 1477 794 1540 opater,
812 1471 941 1526 auferor!’
958 1471 1027 1542 inqui

198 1568 223 1605 00
271 1556 432 1610 Clauserunt
450 1556 549 1610 uirides
567 1573 615 1611 ora
633 1545 769 1627 loquentis
787 1573 883 1626 aquae.

237 1644 271 1696 ht
290 1645 367 1711 pater
386 1641 478 1695 infelix
496 1658 546 1695 nec
564 1642 619 1696 iarn
636 1648 726 1711 pater,
747 1642 850 1697 ‘lcarel'
868 1643 980 1709 clamat,

271 1727 369 1792 ‘lcara’
389 1725 487 1779 clamat
506 1727 600 1782 ‘ubi’sl
619 1743 728 1798 quoque
746 1728 797 1783 suh
815 1745 865 1782 axe
884 1727 988 1784 uolas‘l'

237 1813 326 1867 ‘loare’
345 1811 487 1867 clamabat.
506 1814 605 1883 pinnas
623 1818 731 1883 aspexit
747 1814 775 1868 in
794 1814 881 1869 undis.

270 1899 340 1953 Ossa
356 1898 425 1966 tegit
442 1897 532 1953 tellus.
550 1915 671 1970 aequora
688 1915 787 1954 nomen
804 1900 913 1955 hahent.

197 1994 221 2033 00
236 1984 294 2038 Non
313 1984 402 2053 potuit
420 1984 507 2038 Minos
525 1984 642 2038 hominis
661 2000 824 2054 conpescere
842 1985 949 2054 pinnas.
1007 2023 1011 2033 ·

269 2070 330 2140 lpse
349 2069 427 2123 deum
447 2068 583 2123 uolucrem
603 2069 751 2124 detinuisse
769 2087 845 2139 paro.

234 2154 352 2220 Fallitur,
371 2155 535 2210 Haemonias
553 2155 640 2225 siquis
658 2156 776 2210 decurrit
793 2156 829 2210 ad
847 2167 919 2210 artes

269 2240 375 2310 Datque
400 2240 474 2311 quod
492 2258 508 2294 a
525 2241 612 2295 teneri
630 2240 718 2295 fronte
735 2241 841 2295 reuellit
858 2241 929 2311 equi.

232 2325 291 2379 Non
310 2326 417 2391 facient,
437 2331 467 2380 ut
486 2326 561 2380 uiuat
579 2344 662 2387 arnor,
681 2326 818 2381 Medeides
836 2325 935 2381 herbae

183 2421 219 2458 100
266 2411 403 2481 Mixtaque
421 2428 481 2466 cum
499 2412 612 2480 magicis
630 2412 728 2466 naenia
744 2410 834 2466 Marsa
851 2412 934 2466 sonis.

232 2496 346 2551 Phasias
364 2496 526 2561 Aesoniden,
546 2496 622 2552 Circe
640 2498 774 2552 tenuisset
791 2496 906 2561 Vlixem,

265 2581 295 2636 Si
312 2581 392 2635 modo
410 2581 513 2635 seruari
531 2582 648 2636 carmine
666 2588 761 2652 posset
778 2598 861 2637 amor.

182 2676 217 2714 roe
231 2666 285 2720 Nec
304 2667 368 2721 data
385 2666 535 2736 profuerint
553 2666 683 2736 pallentia
700 2667 800 2737 philtra
817 2667 921 2737 puellis.

138 2784 148 2844 ι
264 2751 366 2806 Philtra
383 2757 482 2805 nocent
500 2752 597 2806 animis
615 2752 724 2821 uimque
742 2751 839 2806 luroris
858 2752 969 2807 habent.

231 2838 272 2894 Sit
308 2836 382 2891 rocul
401 2853 480 2891 omne
498 2836 582 2891 nefas.
602 2842 632 2891 nt
650 2837 756 2901 ameris,
775 2836 898 2892 amabilis
917 2843 984 2893 esto.

264 2854 343 2992 QEod
360 2922 409 2977 tibi
427 2937 480 2976 non
496 2920 582 2977 facies
601 2921 694 2977 solane
712 2922 799 2977 forma
817 2922 903 2988 dabit,
