2375 3575
248 474 282 527 98
513 496 633 530 nnuma
646 494 749 528 nuonrs.
778 472 781 477 ’

172 647 175 710 Ιι
197 639 236 678 ms
250 626 330 694 Quod
347 627 400 681 nisi
418 627 525 680 firmata
543 623 698 695 properaris
715 625 807 676 mente
823 622 939 688 reuerti,

170 717 173 770 ἑ
283 712 385 766 Inferet
402 728 479 765 arma
495 710 544 766 tibi
563 725 649 765 saeua
666 707 775 763 rebellis
792 708 885 760 Amor.

250 797 388 868 Quidquid
406 801 435 851 et
452 796 566 859 afueris,
585 794 684 848 auidus
702 793 855 862 sitiensque
874 792 988 859 redibis,

283 882 320 935 Et
337 882 457 951 spatium
474 881 575 935 damno
592 879 707 933 cesserit
723 893 804 932 omne
820 880 878 932 tuo.

250 967 366 1032 Viderit,
384 966 553 1021 Haemoniae
571 964 658 1035 siquis
676 962 748 1017 mala
765 961 868 1032 pabula
885 966 975 1018 terrae

199 1062 237 1103 eso
284 1052 320 1105 Et
337 1051 458 1119 magicas
477 1056 550 1105 artes
568 1066 652 1119 posse
670 1049 763 1102 iuuare
780 1050 869 1117 putat

251 1136 309 1191 lsta
327 1136 450 1190 ueneficii
468 1141 549 1190 uetus
567 1137 611 1189 est
627 1135 681 1187 uia
700 1136 793 1187 noster
811 1133 911 1202 Apollo

285 1220 432 1274 Innocuam
451 1237 530 1276 sacro
548 1219 667 1273 carmine
685 1222 820 1272 monstrat
837 1234 928 1288 opem.

250 1306 294 1359 lle
312 1306 381 1360 duce
399 1322 452 1359 non
471 1305 576 1359 tumulo
594 1304 703 1373 prodire
720 1303 858 1359 iubebitur
877 1304 987 1369 umbra,

287 1390 347 1444 Non
365 1407 434 1445 anus
451 1389 546 1444 infami
564 1388 683 1444 carmine
700 1392 809 1457 rumpet
825 1388 953 1455 humum,

201 1483 239 1523 255
252 1475 311 1530 Non
330 1492 409 1546 seges
428 1491 462 1529 ex
480 1475 540 1529 aliis
559 1474 628 1528 alios
646 1473 773 1527 transibit
788 1474 817 1527 in
835 1488 932 1542 agros,

286 1560 342 1614 Nec
359 1560 450 1614 subito
468 1559 570 1613 Phoebi
588 1558 707 1628 pallidus
726 1558 798 1613 orbis
817 1559 876 1613 erit.

252 1645 287 1699 Vt
305 1645 387 1711 solet,
406 1660 557 1715 aequoreas
574 1644 625 1699 ibit
642 1643 786 1698 Tiberinus
804 1644 832 1697 in
850 1644 950 1700 undas.

286 1730 322 1783 Vt
339 1730 421 1796 solet,
440 1730 466 1782 in
485 1729 573 1784 niueis
591 1728 669 1783 Luna
686 1728 800 1783 uehetur
818 1729 906 1800 equis.

253 1815 333 1870 Nulla
349 1819 506 1870 recantatas
525 1816 664 1886 deponent
681 1819 794 1883 pectora
812 1829 905 1881 curas,

202 1908 240 1949 260
287 1900 342 1956 Nec
359 1901 446 1969 fugiet
462 1901 527 1955 uino
546 1900 675 1970 sulphure
693 1899 782 1954 uictus
800 1915 885 1955 amor.

254 1986 326 2053 Quid
342 1990 370 2040 te
389 1985 534 2040 Phasidiae
552 1986 680 2040 iuuerunt
697 1984 821 2054 gramina
837 1989 941 2050 terrae,

288 2070 357 2125 Cum
375 2087 489 2141 cuperes
508 2071 609 2140 patria,
629 2069 735 2136 Colchi,
754 2087 864 2125 manere
883 2071 984 2125 domo?

254 2156 325 2222 Quid
342 2155 392 2210 tibi
410 2155 582 2225 profuerunt,
603 2156 692 2221 Circe,
711 2155 852 2210 Perseidos
870 2155 987 2222 herbae,

288 2240 357 2295 Cum
375 2257 426 2295 sua
443 2240 560 2295 Neritias
578 2240 692 2295 abstulit
710 2257 778 2294 aura
794 2241 888 2294 rates?

203 2333 241 2372 26⁵
255 2326 353 2380 Omnia
369 2325 471 2391 fecisti,
490 2342 524 2380 ne
542 2325 657 2380 callidus
675 2324 777 2394 hospes
795 2325 891 2380 abiret

288 2410 336 2465 llle
355 2410 430 2465 dedit
448 2414 538 2464 certae
554 2409 639 2464 lintea
657 2410 739 2479 plena
756 2410 847 2480 fugae.

255 2495 353 2550 Omnia
369 2495 471 2561 fecisti,
490 2512 525 2549 ne
542 2499 570 2549 te
587 2494 663 2548 ferus
680 2499 772 2549 ureret
788 2495 868 2565 ignis.

288 2581 399 2650 Longus
418 2586 446 2635 et
463 2581 550 2635 inuito
568 2583 678 2650 pectore
697 2579 769 2634 sedit
787 2597 870 2634 amor.

255 2667 364 2721 Vertere
382 2671 413 2721 tu
431 2671 541 2736 poteras
559 2667 683 2722 homines
700 2666 727 2720 in
746 2666 819 2720 mille
836 2667 948 2735 figuras.

203 2755 242 2796 ²⁷0
288 2751 348 2805 Non
367 2757 477 2821 poteras
496 2753 579 2807 animi
598 2757 703 2807 uertere
720 2753 781 2807 iura
797 2753 845 2807 tui.

254 2837 359 2892 Diceris
377 2836 419 2892 his
438 2839 531 2904 edam,
551 2853 613 2892 cum
630 2838 685 2892 iam
703 2837 843 2893 discedere
860 2836 956 2904 uellet,

289 2921 443 2977 Dulichium
461 2922 552 2977 uerbis
570 2922 721 2978 detinuisse
739 2922 836 2977 ducem
