2375 3575
551 481 661 519 auctus

584 661 640 729 111.

225 783 294 838 Esse
312 783 380 837 dees
398 783 408 836 i
426 782 519 837 crede!
537 781 618 836 fidem
635 782 725 836 iurata
742 780 851 843 fefellit,

257 867 293 922 Et
311 868 396 921 facies
413 866 459 932 illi,
479 882 550 936 quae
567 866 619 921 fuit
636 871 708 932 ante,
725 871 827 920 manet.

226 954 312 1020 Quam
331 951 428 1021 longos
447 951 542 1006 habuit
559 952 681 1007 noudum
698 951 809 1022 periura
827 949 948 1020 capillos.

258 1037 326 1091 Tam
344 1036 449 1105 longos,
467 1042 616 1106 postquam
634 1038 746 1091 numina
763 1036 852 1099 laesit,
871 1036 958 1091 habet.

201 1135 212 1168 ⁵
227 1121 351 1177 Candida
368 1122 514 1188 candorem
531 1136 612 1176 roseo
629 1122 734 1177 suffusa
751 1121 851 1176 rubore

260 1207 331 1261 Ante
348 1205 409 1261 fuit.
427 1206 509 1261 niueo
526 1205 601 1260 lucet
617 1207 645 1261 in
664 1223 710 1261 ore
728 1206 818 1261 rubor.

224 1291 276 1346 Pes
294 1294 353 1344 erat
371 1291 493 1359 exiguus.
511 1291 590 1361 pedis
608 1295 652 1346 eet
669 1292 806 1347 artissima
824 1292 920 1346 torma.

260 1375 354 1444 Longa
371 1376 528 1446 decensque
544 1375 605 1430 fuit.
622 1375 706 1445 leuga
723 1378 880 1446 decensque
898 1376 992 1430 manet.

224 1462 345 1529 Argutos
363 1460 465 1526 habuit,
483 1461 593 1516 radiant
610 1465 641 1516 ut
658 1462 734 1517 sidus
752 1461 844 1524 ocelli,

188 1558 213 1595 10
260 1546 312 1600 Per
330 1561 399 1615 ques
418 1545 560 1601 mentitast
576 1546 682 1616 perfida
699 1563 782 1616 saepe
800 1546 874 1601 mihi.

226 1629 335 1686 Scilicet
352 1635 464 1685 aeterne
482 1629 582 1686 falsum
600 1632 691 1687 iurare
708 1632 805 1701 puellis

260 1715 293 1769 Di
313 1730 422 1785 queque
440 1716 603 1783 concedunt,
620 1717 763 1788 formaque
781 1732 883 1771 numen
901 1715 988 1771 habet

226 1800 331 1870 Perque
350 1817 415 1855 suos
433 1801 507 1856 illam
524 1818 612 1878 nuper
628 1805 735 1859 iurasse
751 1803 882 1857 recordor

260 1884 365 1955 Perque
383 1902 459 1940 meos
478 1887 580 1953 oculos,
600 1893 627 1944 et
646 1889 757 1944 deluere
774 1889 836 1943 mei.

190 1983 214 2020 15
226 1969 323 2034 Dicite,
344 1969 378 2035 di,
398 1971 421 2024 si
441 1987 491 2026 uos
509 1972 621 2042 impune
638 1973 773 2029 fefellerat
790 1973 845 2037 illa,

262 2054 381 2110 Alterius
400 2057 488 2110 meriti
507 2075 554 2113 cur
572 2075 624 2127 ege
643 2060 744 2114 damna
760 2057 829 2113 tuli?

228 2148 264 2199 At
281 2162 336 2202 nou
354 2140 473 2209 inuidiae
491 2144 570 2201 uobis
589 2145 713 2215 Cepheia
730 2144 836 2212 uirgest

263 2240 314 2294 Ρη)
334 2241 403 2296 male
420 2226 542 2286 formosa
559 2233 637 2286 iussa
654 2233 768 2300 parente
786 2227 872 2282 mori?

230 2328 287 2381 Non
307 2327 376 2381 satis
395 2328 445 2385 est
464 2319 538 2391 qued
556 2333 607 2372 uos
626 2315 709 2371 habui
727 2315 787 2371 sine
804 2312 927 2382 pondere
944 2309 1022 2366 testis

191 2405 216 2455 ²⁰
264 2411 299 2465 Et
318 2425 423 2465 mecum
440 2405 517 2461 lusos
535 2402 606 2458 ridet
623 2401 710 2455 inulta
728 2398 814 2454 deos?
902 2432 905 2437 -

231 2496 265 2549 Vt
282 2513 333 2550 sua
350 2512 399 2565 per
417 2496 538 2548 nestram
556 2488 672 2544 redimat
689 2485 808 2554 periuria
825 2498 956 2553 poenam,

265 2580 380 2634 Victima
398 2580 529 2647 deceptus
548 2571 709 2642 decipientis
728 2570 791 2625 ere?

231 2668 286 2719 Aut
304 2665 409 2720 sinere
428 2679 526 2718 nomen
545 2660 613 2714 deus
632 2661 675 2711 est
692 2656 848 2725 frustraque
866 2652 978 2706 timetur

265 2750 301 2804 Et
318 2748 403 2804 stulta
420 2748 538 2818 populos
557 2741 719 2799 credulitate
738 2743 837 2804 mouet,

193 2845 218 2884 25
232 2837 293 2900 Aut
313 2834 399 2904 siquis
418 2833 485 2887 deus
504 2834 559 2896 est,
578 2835 687 2884 teneras
706 2829 780 2880 amat
797 2824 842 2879 ille
860 2821 976 2892 puellas,

266 2919 302 2973 Et
320 2919 432 2973 nimium
451 2917 526 2972 selas
544 2915 637 2970 omnia
653 2928 737 2983 posse
754 2908 837 2964 iubet.
