2375 3575
233 465 267 518 56
512 485 559 520 uns
573 485 713 519 nunnonrn.

233 616 339 672 Parcite
355 614 501 686 praecipue
518 613 586 669 uitia
604 614 767 683 exprobrare
784 613 894 683 puellis,

268 701 337 756 Vtile
354 717 426 772 quae
442 700 534 755 multis
552 697 739 755 dissimulasse
755 699 815 754 luit.

232 787 289 842 Nec
305 803 372 842 suus
388 786 579 842 Andromedae
597 784 671 840 color
689 789 733 841 est
750 786 873 842 obiectus
892 785 927 841 ab
944 784 1000 852 illc,

216 941 218 945 Ι
267 872 372 927 Mobilis
389 872 417 925 in
435 870 543 939 gemino
561 871 606 926 cui
624 871 695 941 pede
712 872 797 941 pinna
813 871 873 926 fuit

183 971 221 1011 ors
235 957 365 1014 Omnibus
382 956 572 1011 Andromache
590 956 679 1011 uisast
695 956 843 1026 spatiosior
861 972 965 1028 aequo,
1064 951 1069 966 '

267 1042 351 1109 Vnus,
369 1042 414 1112 qui
433 1041 567 1095 modicam
585 1041 694 1107 diceret,
712 1041 815 1097 Hector
833 1045 900 1097 orat

234 1128 313 1196 Quod
324 1128 395 1183 male
411 1126 475 1191 fers,
494 1127 635 1193 adsuesce,
652 1127 724 1182 feres
738 1128 812 1181 bene.
831 1127 917 1183 mults
929 1130 1047 1184 uetustas

267 1212 353 1268 Lenit.
373 1216 402 1267 at
418 1211 552 1282 incipiens
571 1212 662 1267 omnia
680 1212 764 1268 sentit
781 1229 864 1269 amor.

234 1300 305 1353 Dum
323 1314 411 1353 nouus
428 1298 455 1351 in
473 1297 551 1352 oiddi
571 1297 702 1353 coalescit
717 1298 820 1355 ‚cortice
837 1314 943 1364 ramus,

184 1399 222 1438 eso
269 1383 413 1438 Concutiat
430 1388 551 1437 tenerum
571 1383 710 1453 quaelibet
728 1401 807 1449 aura,
826 1384 918 1439 cadet.

234 1470 296 1525 Mox
313 1469 408 1525 eadem
426 1469 516 1524 uentis
534 1469 625 1537 spatio
644 1470 742 1523 durata
759 1469 882 1537 resistet,

268 1556 413 1625 Firmaque
430 1554 575 1623 adoptiuas
594 1556 674 1609 arbor
691 1554 804 1611 habebit
822 1571 899 1626 opes.

234 1640 335 1695 Eximit
350 1641 414 1712 ipsa
431 1640 489 1695 dies
506 1640 594 1695 omnis
614 1656 628 1694 e
647 1656 761 1710 corpore
777 1641 899 1707 mendas,

269 1726 402 1797 Quodque
419 1724 472 1780 fuit
488 1725 592 1792 uitium,
611 1726 712 1781 desinit
729 1742 790 1782 esse
807 1743 892 1782 mora

184 1827 221 1866 ses
234 1812 315 1868 Ferre
331 1827 420 1866 nouae
436 1828 516 1867 nares
534 1816 674 1866 taurorum
691 1816 769 1882 terga
785 1817 922 1869 recusant

269 1896 390 1953 Adsiduo
408 1897 525 1952 domitas
543 1901 666 1967 tempore
683 1897 753 1953 fallit
770 1899 844 1953 odor.

235 1982 392 2039 Nominibus
411 1983 513 2037 mollire
530 1982 593 2039 licet
611 1983 689 2038 mala.
707 1984 786 2038 fusca
803 1987 932 2049 uocetur,

269 2068 374 2138 Nigrior
390 2067 497 2140 Illyrica
515 2068 558 2123 cui
575 2069 637 2138 pice
655 2070 767 2138 sanguis
786 2069 848 2135 erit,

236 2154 264 2209 Si
283 2159 416 2220 crassost,
434 2152 546 2209 Veneris
564 2154 668 2219 similis,
687 2155 710 2209 si
728 2171 803 2220 rana,
820 2155 969 2210 Mineruae.

185 2253 223 2292 seo
270 2240 311 2296 Sit
328 2239 446 2309 gracilis,
464 2241 550 2294 macie
568 2256 639 2310 quae
658 2239 728 2294 male
746 2240 811 2295 uiua
829 2243 914 2296 suast

234 2325 286 2380 Dic
294 2325 417 2390 habilem,
427 2340 615 2396 quaecumque
624 2325 724 2391 breuis,
734 2325 926 2396 quaeturgida,
936 2324 1057 2395 plenam,

269 2410 305 2465 Et
322 2410 407 2466 lateat
423 2410 519 2464 uitium
535 2411 710 2480 proximitate
728 2411 799 2466 boni.

234 2496 290 2550 Nec
307 2500 407 2567 quotus
425 2513 512 2550 annus
531 2501 576 2551 eat
594 2513 644 2552 nec
661 2512 716 2567 quo
735 2496 771 2551 sit
789 2500 854 2551 nata
870 2496 982 2567 require

270 2581 394 2648 Consule,
413 2597 484 2653 quae
500 2581 604 2650 rigidus
624 2597 734 2636 munera
752 2597 849 2636 censor
865 2581 962 2647 habet,

185 2677 221 2717 sss
236 2667 384 2738 Praecipue
401 2667 425 2722 si
442 2667 508 2722 flore
525 2671 607 2733 caret,
627 2667 777 2736 meliusque
795 2671 936 2735 peractum

270 2753 396 2823 Tempus,
415 2758 443 2807 et
459 2753 581 2808 albentes
599 2754 652 2808 iam
671 2752 744 2821 leget
760 2751 806 2806 illa
823 2769 925 2808 comas.

236 2837 321 2901 Vtilis,
339 2855 356 2893 o
373 2839 493 2903 iuuenes,
512 2841 560 2894 aut
578 2839 645 2893 baec
662 2841 711 2892 aut
728 2837 812 2893 serior
829 2841 918 2894 aetas.

270 2924 324 2978 Iste
341 2922 410 2978 feret
427 2929 542 2995 segetes,
561 2924 613 2979 iste
632 2923 762 2978 serendus
781 2938 855 2992 ager.
