2375 3575
507 470 615 504 uorans.
897 444 942 496 127

177 605 253 670 Quos
272 617 380 657 umeros
399 600 493 671 quales
513 599 566 654 uidi
584 598 717 669 tetigique
734 598 865 653 lacertos!

136 699 163 738 ae
212 687 312 741 Forma
330 687 490 756 papillarum
510 701 590 755 quam
609 685 661 739 fuit
679 690 744 754 apta
762 684 860 754 premi!

177 774 266 840 Quam
285 772 420 840 castigate
438 770 536 841 planus
554 771 606 825 sub
623 775 734 840 pectore
752 769 860 824 uenter!

212 859 350 925 Quantum
368 861 395 911 et
413 856 492 926 quale
510 856 595 910 latus!
614 872 695 926 quam
713 854 838 910 iuuenale
856 853 956 908 femur!

178 943 293 1011 Singula
310 943 375 1012 quid
392 942 524 996 referam?
543 941 579 995 nil
598 957 651 995 non
669 940 804 995 laudabile
822 940 889 1004 uidi,

213 1028 249 1083 Et
266 1027 367 1082 nudam
384 1027 471 1098 pressi
490 1043 588 1096 eorpus
606 1026 746 1095 adusque
764 1041 862 1079 meum.

141 1127 166 1163 ⁴21»
179 1114 296 1168 Caetera
313 1113 374 1183 quis
392 1113 496 1167 nescit?
513 1111 581 1166 lassi
598 1111 780 1181 requieuimus
798 1109 887 1164 ambo.

214 1198 381 1253 Proueniant
399 1197 478 1252 medii
497 1198 537 1251 sie
555 1196 619 1250 mihi
638 1212 721 1265 saepe
740 1196 810 1250 dies.

518 1446 520 1450 ¹
542 1420 595 1485 VI.

182 1540 285 1594 Ianitor
303 1539 443 1607 indignum
463 1539 531 1593 dura
548 1539 663 1608 religate
682 1543 789 1592 eatena.

215 1624 358 1679 Difficilem
378 1632 451 1678 mota
468 1624 577 1678 cardine
594 1624 684 1694 pande
702 1623 796 1677 forem.

182 1710 261 1778 Quod
280 1725 382 1779 precor,
401 1709 562 1778 exigunmst.
581 1709 656 1763 aditu
674 1709 719 1763 fac
736 1709 818 1762 ianua
836 1723 922 1777 paruo

216 1795 360 1865 Obliquum
381 1795 473 1865 capiat
490 1796 681 1865 senradaperta
698 1794 779 1850 latus.

157 1906 168 1939 i
182 1883 294 1950 Longus
312 1898 386 1935 arnor
404 1881 473 1935 tales
492 1896 590 1950 corpus
608 1880 733 1934 tenuauit
749 1881 775 1933 in
795 1896 872 1943 usui,

220 1971 345 2036 Aptaque
363 1967 497 2021 subducto
515 1982 628 2035 corpore
645 1966 765 2019 membra
783 1963 864 2018 dedit

185 2053 231 2108 llle
251 2069 299 2122 per
317 2052 444 2106 excubias
464 2052 608 2106 custodum
625 2051 721 2105 leniter
741 2049 779 2104 ire

219 2138 360 2192 Monstrat.
378 2137 527 2192 inoffensos
545 2137 637 2205 dirigit
653 2135 697 2190 ille
715 2135 809 2203 pedes.

185 2228 221 2278 At
239 2222 375 2293 quondam
395 2232 501 2277 noctem
519 2222 718 2291 simulacraque
736 2236 808 2273 uana
825 2219 961 2273 timebam.

147 2335 169 2368 ιιι
220 2308 349 2363 Mirabar.
367 2309 484 2363 tenebris
503 2308 627 2378 quisquis
644 2308 731 2360 iturus
750 2313 815 2359 erat.

186 2394 263 2457 nisit„
284 2401 313 2447 ut
331 2394 458 2448 audirem.
477 2400 571 2448 tenera
589 2409 649 2446 eum
667 2399 754 2445 matre
773 2389 878 2459 Cupido

221 2478 256 2533 Et
274 2479 368 2534 leuiter
386 2480 442 2534 dies
460 2484 490 2533 tu
508 2495 618 2549 quoque
635 2477 723 2531 sortis'
742 2475 787 2530 ait.

185 2566 242 2620 Nee
258 2582 341 2619 mora.
360 2565 435 2619 uenit
452 2581 535 2619 amor.
553 2580 608 2618 non
625 2563 734 2617 umbras
752 2568 833 2615 nocte
850 2557 976 2623 uolantis,

221 2650 280 2704 Non
297 2651 379 2705 timeo
397 2651 507 2706 strictas
524 2649 552 2703 in
571 2665 631 2703 mea
648 2649 706 2702 fata
724 2662 828 2701 manus.

148 2755 171 2792 15·
185 2738 225 2792 Te
245 2735 355 2790 nimium
372 2735 475 2791 lentum
491 2735 582 2790 timeo.
600 2734 649 2789 tibi
667 2732 790 2787 blandior
807 2731 861 2784 uni.

221 2822 271 2885 Tu,
289 2838 331 2876 me
349 2837 404 2892 quo
422 2820 512 2890 possis
529 2820 651 2890 perdere,
669 2818 771 2872 fulmen
790 2816 885 2871 habes.

187 2910 289 2979 Aspice
307 2938 338 2949 -
357 2911 391 2971 et
411 2909 441 2960 ut
459 2905 561 2969 uideas,
579 2904 685 2959 inmitia
701 2903 823 2957 claustra
840 2899 933 2955 relaxa
950 2928 979 2937 -
