2375 3575
462 459 509 493 Ans
527 460 667 495 ΑΜΑΤΟΒῙΑ.

173 589 232 645 Hoc
245 588 321 642 aditu
339 588 395 642 uidi
413 588 526 643 tetricae
545 590 611 644 data
629 590 712 645 uerba
723 590 837 660 puellae.

206 674 259 742 Qui
277 673 366 727 fuerat
385 673 483 739 cultor,
502 674 591 730 factus
611 681 715 731 amator
733 681 799 731 erat.

172 760 314 815 Candidus
332 758 360 812 in
379 763 463 813 nauta
481 761 569 829 turpis
589 760 670 815 color.
689 763 815 832 aequoris
834 762 906 816 unda

207 844 297 900 Debet
316 847 343 898 et
361 862 378 899 a
395 844 479 899 radiis
498 846 596 901 sideris
615 863 675 901 esse
690 848 777 915 niger.

129 940 159 980 ‘as
173 931 275 1001 Turpis
294 934 322 985 et
339 930 489 999 agricolae,
509 933 553 1001 qui
573 949 682 987 uomere
700 948 808 1001 semper
826 932 932 986 adunco

208 1018 244 1071 Et
261 1017 391 1085 grauibus
409 1017 504 1071 rastris
524 1018 575 1073 sub
593 1018 659 1072 loue
678 1020 770 1072 uersat
788 1018 906 1071 humum.

172 1103 208 1158 Et
226 1102 289 1167 tibi,
308 1101 444 1156 Palladiae
463 1103 565 1172 petitur
586 1104 628 1157 cui
647 1102 738 1172 palma
756 1118 880 1169 coronae,

208 1188 333 1243 Candida
350 1188 374 1242 si
391 1188 492 1242 fuerint
510 1204 635 1259 corpora,
654 1190 741 1257 turpis
760 1189 821 1244 eris.

175 1274 280 1329 Palleat
298 1272 385 1327 omnis
404 1289 507 1327 amans.
526 1273 569 1327 hic
587 1280 630 1329 est
648 1274 722 1328 color
739 1278 820 1345 aptus
839 1272 949 1329 amanti.

129 1375 162 1415 rao
208 1359 270 1413 Hoc
288 1358 374 1412 decet.
394 1359 446 1412 hoc
464 1357 529 1412 nulli
547 1375 602 1412 non
620 1358 739 1414 ualuisse
756 1363 860 1429 putent.

174 1444 296 1499 Pallidus
314 1444 342 1497 in
361 1444 424 1499 Side
443 1443 519 1498 siluis
538 1444 645 1499 errabat
664 1445 753 1511 Orion,

209 1529 331 1584 Pallidus
349 1529 377 1581 in
395 1528 469 1583 lenta
487 1529 568 1583 naide
586 1528 709 1599 Daphnis
728 1533 792 1584 erat.

176 1617 283 1684 Arguat·
301 1619 329 1668 et
345 1614 446 1668 macies
465 1615 593 1668 animum.
613 1630 663 1668 nec
680 1618 760 1685 turpe
777 1614 883 1684 putaris

211 1699 353 1755 Palliolum
374 1700 466 1755 nitidis
486 1699 644 1769 inposuisse
662 1701 755 1755 comis.

129 1802 162 1841 raa
176 1789 330 1843 Attenuant
346 1785 479 1840 iuuenum
493 1784 622 1854 uigilatae
640 1802 754 1857 corpora
772 1789 866 1842 noctes

213 1872 340 1942 Curaque
358 1875 386 1925 et
403 1872 430 1924 in
451 1887 549 1940 magno
568 1872 615 1942 qui
632 1872 663 1926 fit
681 1889 772 1927 amore
790 1871 876 1929 dolor.

178 1959 214 2012 Vt
233 1964 298 2011 uoto
316 1957 422 2026 potiare
440 1957 682 2023 tuo,i‘mlserabilis
701 1963 772 2023 esto,

213 2043 249 2097 Vt
267 2044 314 2112 qui
331 2043 483 2117 tenuideat,
502 2043 592 2098 dicere
611 2042 699 2113 possit
718 2042 827 2109 ‘amasi

180 2129 338 2198 Conquerar
357 2146 391 2182 ao
410 2145 534 2183 moneam
554 2129 665 2183 mixtum
688 2128 731 2183 fas
749 2144 828 2182 omne
846 2127 995 2197 nefasque?

130 2226 166 2264 mo
216 2214 318 2268 Nomen
337 2213 494 2279 amicitiast,
514 2231 611 2268 nomen
629 2214 710 2268 inane
728 2214 804 2268 fides.

179 2300 211 2353 Ei
232 2299 309 2364 mihi,
329 2314 381 2352 non
400 2304 527 2361 tutumst,
547 2299 620 2369 quod
639 2316 725 2364 ames,
744 2299 855 2353 laudare
873 2298 967 2355 sodali.

215 2386 282 2440 Cum
301 2385 351 2439 tibi
368 2383 490 2438 laudanti
511 2384 638 2450 credidit,
657 2385 716 2455 ipse
735 2385 814 2439 subit.

180 2475 217 2528 nt
236 2487 289 2526 non
309 2470 450 2524 Actorides
469 2470 567 2524 lectum
585 2471 729 2525 temerauit
746 2469 866 2525 Achillis.

216 2557 353 2625 Quantum
371 2556 407 2610 ad
424 2555 587 2618 Pirithoum,
606 2556 730 2610 Phaedra
746 2555 846 2626 pudica
863 2555 922 2610 fuit.

138 2658 171 2695 ru
183 2643 357 2698 Hermionam
375 2640 491 2711 Pylades
510 2658 565 2711 qua
584 2641 695 2696 Pallada
718 2641 855 2704 Phoebus,
879 2641 997 2705 amabat,

217 2728 351 2798 Quodque
368 2726 417 2781 tibi
435 2727 572 2796 geminus,
590 2717 721 2798 Tyndari,
741 2727 851 2791 Castor,
869 2729 934 2780 erat.

185 2814 275 2884 Siquis
292 2812 364 2866 idem
384 2817 490 2881 sperat,
508 2811 628 2867 iacturas
646 2829 727 2883 poma
745 2812 862 2884 myricas

218 2899 315 2968 Speret
333 2901 361 2952 et
379 2914 394 2952 e
413 2896 500 2953 medio
518 2899 629 2954 flumine
647 2899 726 2953 mella
743 2901 827 2970 petat.
