<?xml version="1.0" encoding="UTF-8"?>
<!DOCTYPE html PUBLIC "-//W3C//DTD XHTML 1.0 Transitional//EN"
    "http://www.w3.org/TR/xhtml1/DTD/xhtml1-transitional.dtd">
<html xmlns="http://www.w3.org/1999/xhtml" xml:lang="en" lang="en">
 <head>
  <title>
</title>
<meta http-equiv="Content-Type" content="text/html;charset=utf-8" />
  <meta name='ocr-system' content='tesseract 3.04.00' />
  <meta name='ocr-capabilities' content='ocr_page ocr_carea ocr_par ocr_line ocrx_word'/>
</head>
<body>
  <div class='ocr_page' id='page_1' title='image "./povidiinasonisc00mlgoog_0143.png"; bbox 0 0 2375 3575; ppageno 0'>
   <div class='ocr_carea' id='block_1_1' title="bbox 547 452 984 511">
    <p class='ocr_par' dir='ltr' id='par_1_1' title="bbox 547 452 984 511">
     <span class='ocr_line' id='line_1_1' title="bbox 547 452 984 511; baseline -0.009 -2"><span class='ocrx_word' id='word_1_1' title='bbox 547 476 656 511; x_wconf 67' lang='lat' dir='ltr'>turonus.</span> <span class='ocrx_word' id='word_1_2' title='bbox 936 452 984 505; x_wconf 78' lang='lat'>135</span> 
     </span>
    </p>
   </div>
   <div class='ocr_carea' id='block_1_2' title="bbox 175 605 1023 2975">
    <p class='ocr_par' dir='ltr' id='par_1_2' title="bbox 175 605 1023 2975">
     <span class='ocr_line' id='line_1_2' title="bbox 176 605 882 677; baseline 0 -20"><span class='ocrx_word' id='word_1_3' title='bbox 176 623 200 657; x_wconf 72' lang='lat' dir='ltr'>a·</span> <span class='ocrx_word' id='word_1_4' title='bbox 215 607 272 660; x_wconf 90' lang='lat' dir='ltr'>Nec</span> <span class='ocrx_word' id='word_1_5' title='bbox 289 610 317 659; x_wconf 91' lang='lat' dir='ltr'>te</span> <span class='ocrx_word' id='word_1_6' title='bbox 334 606 472 677; x_wconf 78' lang='lat' dir='ltr'>decipiant</span> <span class='ocrx_word' id='word_1_7' title='bbox 490 606 591 660; x_wconf 86' lang='lat' dir='ltr'>ueteris</span> <span class='ocrx_word' id='word_1_8' title='bbox 609 605 688 675; x_wconf 86' lang='lat' dir='ltr'>plena</span> <span class='ocrx_word' id='word_1_9' title='bbox 709 606 778 659; x_wconf 87' lang='lat' dir='ltr'>atria</span> <span class='ocrx_word' id='word_1_10' title='bbox 796 620 882 659; x_wconf 89' lang='lat' dir='ltr'>cerae.</span> 
     </span>
     <span class='ocr_line' id='line_1_3' title="bbox 250 690 880 759; baseline 0 -16"><span class='ocrx_word' id='word_1_11' title='bbox 250 690 326 745; x_wconf 85' lang='lat' dir='ltr'>Tolle</span> <span class='ocrx_word' id='word_1_12' title='bbox 343 695 406 745; x_wconf 85' lang='lat' dir='ltr'>tuos</span> <span class='ocrx_word' id='word_1_13' title='bbox 423 695 521 757; x_wconf 84' lang='lat' dir='ltr'>tecum,</span> <span class='ocrx_word' id='word_1_14' title='bbox 540 707 644 759; x_wconf 81' lang='lat' dir='ltr'>pauper</span> <span class='ocrx_word' id='word_1_15' title='bbox 661 695 779 756; x_wconf 89' lang='lat' dir='ltr'>amator,</span> <span class='ocrx_word' id='word_1_16' title='bbox 799 691 880 745; x_wconf 88' lang='lat' dir='ltr'>auos!</span> 
     </span>
     <span class='ocr_line' id='line_1_4' title="bbox 215 775 1023 846; baseline -0.001 -16"><span class='ocrx_word' id='word_1_17' title='bbox 215 776 279 843; x_wconf 85' lang='lat' dir='ltr'>Qui,</span> <span class='ocrx_word' id='word_1_18' title='bbox 298 776 363 845; x_wconf 91' lang='lat' dir='ltr'>qnia</span> <span class='ocrx_word' id='word_1_19' title='bbox 379 776 491 846; x_wconf 83' lang='lat' dir='ltr'>pulcher</span> <span class='ocrx_word' id='word_1_20' title='bbox 510 775 573 838; x_wconf 90' lang='lat' dir='ltr'>erit,</span> <span class='ocrx_word' id='word_1_21' title='bbox 590 781 686 846; x_wconf 86' lang='lat' dir='ltr'>poscet</span> <span class='ocrx_word' id='word_1_22' title='bbox 704 776 762 830; x_wconf 90' lang='lat' dir='ltr'>sine</span> <span class='ocrx_word' id='word_1_23' title='bbox 780 792 891 830; x_wconf 91' lang='lat' dir='ltr'>munere</span> <span class='ocrx_word' id='word_1_24' title='bbox 908 780 1023 843; x_wconf 86' lang='lat' dir='ltr'>noctem,</span> 
     </span>
     <span class='ocr_line' id='line_1_5' title="bbox 248 860 880 929; baseline -0.002 -14"><span class='ocrx_word' id='word_1_25' title='bbox 248 861 329 928; x_wconf 81' lang='lat' dir='ltr'>Quod</span> <span class='ocrx_word' id='word_1_26' title='bbox 346 862 399 925; x_wconf 89' lang='lat' dir='ltr'>det,</span> <span class='ocrx_word' id='word_1_27' title='bbox 419 867 568 915; x_wconf 89' lang='lat' dir='ltr'>amatorem</span> <span class='ocrx_word' id='word_1_28' title='bbox 585 860 691 929; x_wconf 83' lang='lat' dir='ltr'>flagitet</span> <span class='ocrx_word' id='word_1_29' title='bbox 710 865 773 914; x_wconf 90' lang='lat' dir='ltr'>ante</span> <span class='ocrx_word' id='word_1_30' title='bbox 792 876 880 914; x_wconf 89' lang='lat' dir='ltr'>suum.</span> 
     </span>
     <span class='ocr_line' id='line_1_6' title="bbox 215 945 880 1015; baseline 0 -15"><span class='ocrx_word' id='word_1_31' title='bbox 215 947 327 1001; x_wconf 89' lang='lat' dir='ltr'>Parcius</span> <span class='ocrx_word' id='word_1_32' title='bbox 345 946 446 1014; x_wconf 83' lang='lat' dir='ltr'>exigito</span> <span class='ocrx_word' id='word_1_33' title='bbox 464 946 587 1015; x_wconf 86' lang='lat' dir='ltr'>pretium,</span> <span class='ocrx_word' id='word_1_34' title='bbox 609 946 672 999; x_wconf 92' lang='lat' dir='ltr'>dum</span> <span class='ocrx_word' id='word_1_35' title='bbox 691 945 759 999; x_wconf 90' lang='lat' dir='ltr'>retia</span> <span class='ocrx_word' id='word_1_36' title='bbox 778 947 880 1011; x_wconf 74' lang='lat' dir='ltr'>tendiS,</span> 
     </span>
     <span class='ocr_line' id='line_1_7' title="bbox 176 1030 803 1102; baseline 0 -19"><span class='ocrx_word' id='word_1_37' title='bbox 176 1046 201 1083; x_wconf 86' lang='lat' dir='ltr'>m</span> <span class='ocrx_word' id='word_1_38' title='bbox 250 1031 288 1085; x_wconf 89' lang='lat' dir='ltr'>Ne</span> <span class='ocrx_word' id='word_1_39' title='bbox 306 1032 420 1101; x_wconf 81' lang='lat' dir='ltr'>fugiant.</span> <span class='ocrx_word' id='word_1_40' title='bbox 437 1037 533 1102; x_wconf 88' lang='lat' dir='ltr'>captos</span> <span class='ocrx_word' id='word_1_41' title='bbox 550 1031 656 1100; x_wconf 85' lang='lat' dir='ltr'>legibus</span> <span class='ocrx_word' id='word_1_42' title='bbox 674 1048 722 1084; x_wconf 88' lang='lat' dir='ltr'>ure</span> <span class='ocrx_word' id='word_1_43' title='bbox 739 1030 803 1085; x_wconf 90' lang='lat' dir='ltr'>tuis.</span> 
     </span>
     <span class='ocr_line' id='line_1_8' title="bbox 214 1115 953 1180; baseline -0.003 -11"><span class='ocrx_word' id='word_1_44' title='bbox 214 1116 270 1169; x_wconf 90' lang='lat' dir='ltr'>Nec</span> <span class='ocrx_word' id='word_1_45' title='bbox 287 1116 381 1170; x_wconf 84' lang='lat' dir='ltr'>nocuit</span> <span class='ocrx_word' id='word_1_46' title='bbox 398 1116 543 1171; x_wconf 89' lang='lat' dir='ltr'>simulatus</span> <span class='ocrx_word' id='word_1_47' title='bbox 561 1133 644 1171; x_wconf 88' lang='lat' dir='ltr'>amor.</span> <span class='ocrx_word' id='word_1_48' title='bbox 664 1117 730 1180; x_wconf 89' lang='lat' dir='ltr'>sine,</span> <span class='ocrx_word' id='word_1_49' title='bbox 750 1115 843 1169; x_wconf 88' lang='lat' dir='ltr'>eredat</span> <span class='ocrx_word' id='word_1_50' title='bbox 861 1116 953 1170; x_wconf 90' lang='lat' dir='ltr'>amari.</span> 
     </span>
     <span class='ocr_line' id='line_1_9' title="bbox 249 1200 893 1271; baseline 0 -17"><span class='ocrx_word' id='word_1_51' title='bbox 249 1204 285 1254; x_wconf 80' lang='lat' dir='ltr'>nt</span> <span class='ocrx_word' id='word_1_52' title='bbox 303 1217 379 1266; x_wconf 89' lang='lat' dir='ltr'>cane,</span> <span class='ocrx_word' id='word_1_53' title='bbox 398 1217 432 1254; x_wconf 92' lang='lat' dir='ltr'>ne</span> <span class='ocrx_word' id='word_1_54' title='bbox 450 1202 536 1271; x_wconf 87' lang='lat' dir='ltr'>gratis</span> <span class='ocrx_word' id='word_1_55' title='bbox 553 1201 599 1255; x_wconf 91' lang='lat' dir='ltr'>hic</span> <span class='ocrx_word' id='word_1_56' title='bbox 616 1200 665 1256; x_wconf 91' lang='lat' dir='ltr'>tibi</span> <span class='ocrx_word' id='word_1_57' title='bbox 684 1204 792 1254; x_wconf 84' lang='lat' dir='ltr'>constet</span> <span class='ocrx_word' id='word_1_58' title='bbox 809 1217 893 1255; x_wconf 87' lang='lat' dir='ltr'>amor.</span> 
     </span>
     <span class='ocr_line' id='line_1_10' title="bbox 215 1285 964 1355; baseline -0.001 -16"><span class='ocrx_word' id='word_1_59' title='bbox 215 1286 304 1354; x_wconf 83' lang='lat' dir='ltr'>Saepe</span> <span class='ocrx_word' id='word_1_60' title='bbox 323 1301 394 1353; x_wconf 84' lang='lat' dir='ltr'>nega</span> <span class='ocrx_word' id='word_1_61' title='bbox 411 1292 513 1340; x_wconf 90' lang='lat' dir='ltr'>noctes.</span> <span class='ocrx_word' id='word_1_62' title='bbox 532 1286 630 1355; x_wconf 89' lang='lat' dir='ltr'>eapitis</span> <span class='ocrx_word' id='word_1_63' title='bbox 649 1285 729 1339; x_wconf 93' lang='lat' dir='ltr'>modo</span> <span class='ocrx_word' id='word_1_64' title='bbox 748 1285 819 1353; x_wconf 82' lang='lat' dir='ltr'>finge</span> <span class='ocrx_word' id='word_1_65' title='bbox 837 1285 964 1350; x_wconf 86' lang='lat' dir='ltr'>dolorem,</span> 
     </span>
     <span class='ocr_line' id='line_1_11' title="bbox 249 1370 897 1440; baseline 0.003 -17"><span class='ocrx_word' id='word_1_66' title='bbox 249 1370 285 1424; x_wconf 79' lang='lat' dir='ltr'>lit</span> <span class='ocrx_word' id='word_1_67' title='bbox 302 1371 391 1435; x_wconf 86' lang='lat' dir='ltr'>modo,</span> <span class='ocrx_word' id='word_1_68' title='bbox 409 1386 480 1440; x_wconf 87' lang='lat' dir='ltr'>quae</span> <span class='ocrx_word' id='word_1_69' title='bbox 498 1386 597 1425; x_wconf 86' lang='lat' dir='ltr'>causas</span> <span class='ocrx_word' id='word_1_70' title='bbox 614 1371 752 1440; x_wconf 85' lang='lat' dir='ltr'>praebeat,</span> <span class='ocrx_word' id='word_1_71' title='bbox 771 1370 822 1425; x_wconf 89' lang='lat' dir='ltr'>Isis</span> <span class='ocrx_word' id='word_1_72' title='bbox 839 1371 897 1425; x_wconf 88' lang='lat' dir='ltr'>erit</span> 
     </span>
     <span class='ocr_line' id='line_1_12' title="bbox 176 1455 931 1525; baseline 0.001 -18"><span class='ocrx_word' id='word_1_73' title='bbox 176 1471 201 1507; x_wconf 78' lang='lat' dir='ltr'>rs</span> <span class='ocrx_word' id='word_1_74' title='bbox 213 1456 277 1510; x_wconf 84' lang='lat' dir='ltr'>Mox</span> <span class='ocrx_word' id='word_1_75' title='bbox 295 1456 392 1525; x_wconf 85' lang='lat' dir='ltr'>recipe,</span> <span class='ocrx_word' id='word_1_76' title='bbox 411 1462 442 1510; x_wconf 92' lang='lat' dir='ltr'>ut</span> <span class='ocrx_word' id='word_1_77' title='bbox 459 1455 560 1509; x_wconf 89' lang='lat' dir='ltr'>nullum</span> <span class='ocrx_word' id='word_1_78' title='bbox 578 1455 700 1525; x_wconf 88' lang='lat' dir='ltr'>patiendi</span> <span class='ocrx_word' id='word_1_79' title='bbox 718 1455 827 1523; x_wconf 82' lang='lat' dir='ltr'>colligat</span> <span class='ocrx_word' id='word_1_80' title='bbox 844 1471 931 1521; x_wconf 85' lang='lat' dir='ltr'>usum,</span> 
     </span>
     <span class='ocr_line' id='line_1_13' title="bbox 249 1540 845 1611; baseline 0 -17"><span class='ocrx_word' id='word_1_81' title='bbox 249 1540 324 1595; x_wconf 88' lang='lat' dir='ltr'>Neue</span> <span class='ocrx_word' id='word_1_82' title='bbox 340 1540 502 1596; x_wconf 78' lang='lat' dir='ltr'>relentescat</span> <span class='ocrx_word' id='word_1_83' title='bbox 518 1557 603 1611; x_wconf 86' lang='lat' dir='ltr'>saepe</span> <span class='ocrx_word' id='word_1_84' title='bbox 619 1540 745 1610; x_wconf 87' lang='lat' dir='ltr'>repulsus</span> <span class='ocrx_word' id='word_1_85' title='bbox 762 1557 845 1595; x_wconf 90' lang='lat' dir='ltr'>amor.</span> 
     </span>
     <span class='ocr_line' id='line_1_14' title="bbox 214 1625 837 1691; baseline 0 -12"><span class='ocrx_word' id='word_1_86' title='bbox 214 1626 305 1680; x_wconf 86' lang='lat' dir='ltr'>Surda</span> <span class='ocrx_word' id='word_1_87' title='bbox 322 1626 359 1680; x_wconf 92' lang='lat' dir='ltr'>sit</span> <span class='ocrx_word' id='word_1_88' title='bbox 375 1626 462 1680; x_wconf 88' lang='lat' dir='ltr'>oranti</span> <span class='ocrx_word' id='word_1_89' title='bbox 480 1632 528 1680; x_wconf 92' lang='lat' dir='ltr'>tua</span> <span class='ocrx_word' id='word_1_90' title='bbox 545 1626 635 1691; x_wconf 69' lang='lat' dir='ltr'>ianua</span> <span class='ocrx_word' id='word_1_91' title='bbox 654 1625 716 1679; x_wconf 81' lang='lat' dir='ltr'>laxa</span> <span class='ocrx_word' id='word_1_92' title='bbox 733 1625 837 1680; x_wconf 86' lang='lat' dir='ltr'>ferenti.</span> 
     </span>
     <span class='ocr_line' id='line_1_15' title="bbox 250 1710 834 1779; baseline -0.002 -13"><span class='ocrx_word' id='word_1_93' title='bbox 250 1711 351 1766; x_wconf 84' lang='lat' dir='ltr'>Audiat</span> <span class='ocrx_word' id='word_1_94' title='bbox 367 1710 469 1765; x_wconf 81' lang='lat' dir='ltr'>exclusi</span> <span class='ocrx_word' id='word_1_95' title='bbox 487 1711 571 1766; x_wconf 89' lang='lat' dir='ltr'>uerba</span> <span class='ocrx_word' id='word_1_96' title='bbox 587 1716 714 1779; x_wconf 88' lang='lat' dir='ltr'>receptus</span> <span class='ocrx_word' id='word_1_97' title='bbox 732 1728 834 1765; x_wconf 88' lang='lat' dir='ltr'>amans.</span> 
     </span>
     <span class='ocr_line' id='line_1_16' title="bbox 214 1797 989 1867; baseline -0.008 -15"><span class='ocrx_word' id='word_1_98' title='bbox 214 1798 250 1852; x_wconf 85' lang='lat' dir='ltr'>Et</span> <span class='ocrx_word' id='word_1_99' title='bbox 269 1800 348 1867; x_wconf 81' lang='lat' dir='ltr'>qnasi</span> <span class='ocrx_word' id='word_1_100' title='bbox 366 1797 442 1852; x_wconf 83' lang='lat' dir='ltr'>laesa</span> <span class='ocrx_word' id='word_1_101' title='bbox 459 1797 532 1866; x_wconf 85' lang='lat' dir='ltr'>prior</span> <span class='ocrx_word' id='word_1_102' title='bbox 550 1814 752 1867; x_wconf 87' lang='lat' dir='ltr'>nonnumquam</span> <span class='ocrx_word' id='word_1_103' title='bbox 772 1798 888 1852; x_wconf 86' lang='lat' dir='ltr'>irascere</span> <span class='ocrx_word' id='word_1_104' title='bbox 906 1797 989 1851; x_wconf 87' lang='lat' dir='ltr'>laeso.</span> 
     </span>
     <span class='ocr_line' id='line_1_17' title="bbox 175 1881 789 1952; baseline 0.003 -18"><span class='ocrx_word' id='word_1_105' title='bbox 175 1900 200 1934; x_wconf 83' lang='lat' dir='ltr'>se</span> <span class='ocrx_word' id='word_1_106' title='bbox 250 1882 385 1936; x_wconf 78' lang='lat' dir='ltr'>vanescet</span> <span class='ocrx_word' id='word_1_107' title='bbox 402 1881 483 1951; x_wconf 88' lang='lat' dir='ltr'>eulpa</span> <span class='ocrx_word' id='word_1_108' title='bbox 500 1882 582 1952; x_wconf 86' lang='lat' dir='ltr'>culpa</span> <span class='ocrx_word' id='word_1_109' title='bbox 599 1899 716 1951; x_wconf 88' lang='lat' dir='ltr'>repensa</span> <span class='ocrx_word' id='word_1_110' title='bbox 734 1888 789 1936; x_wconf 88' lang='lat' dir='ltr'>tua.</span> 
     </span>
     <span class='ocr_line' id='line_1_18' title="bbox 215 1965 997 2037; baseline -0.004 -17"><span class='ocrx_word' id='word_1_111' title='bbox 215 1966 271 2021; x_wconf 90' lang='lat' dir='ltr'>Sed</span> <span class='ocrx_word' id='word_1_112' title='bbox 289 1983 435 2036; x_wconf 91' lang='lat' dir='ltr'>numquam</span> <span class='ocrx_word' id='word_1_113' title='bbox 454 1967 561 2021; x_wconf 86' lang='lat' dir='ltr'>dederis</span> <span class='ocrx_word' id='word_1_114' title='bbox 580 1967 731 2036; x_wconf 85' lang='lat' dir='ltr'>spatiosum</span> <span class='ocrx_word' id='word_1_115' title='bbox 749 1971 857 2037; x_wconf 85' lang='lat' dir='ltr'>tempus</span> <span class='ocrx_word' id='word_1_116' title='bbox 876 1967 903 2020; x_wconf 92' lang='lat' dir='ltr'>in</span> <span class='ocrx_word' id='word_1_117' title='bbox 921 1965 997 2019; x_wconf 84' lang='lat' dir='ltr'>iranr.</span> 
     </span>
     <span class='ocr_line' id='line_1_19' title="bbox 250 2051 782 2122; baseline 0.002 -18"><span class='ocrx_word' id='word_1_118' title='bbox 250 2052 341 2122; x_wconf 86' lang='lat' dir='ltr'>Saepe</span> <span class='ocrx_word' id='word_1_119' title='bbox 358 2051 510 2106; x_wconf 85' lang='lat' dir='ltr'>simultates</span> <span class='ocrx_word' id='word_1_120' title='bbox 529 2053 569 2106; x_wconf 89' lang='lat' dir='ltr'>ira</span> <span class='ocrx_word' id='word_1_121' title='bbox 587 2056 692 2106; x_wconf 85' lang='lat' dir='ltr'>morata</span> <span class='ocrx_word' id='word_1_122' title='bbox 709 2052 782 2106; x_wconf 83' lang='lat' dir='ltr'>feeit.</span> 
     </span>
     <span class='ocr_line' id='line_1_20' title="bbox 215 2136 878 2204; baseline -0.002 -13"><span class='ocrx_word' id='word_1_123' title='bbox 215 2138 386 2204; x_wconf 83' lang='lat' dir='ltr'>Quinetiam</span> <span class='ocrx_word' id='word_1_124' title='bbox 406 2138 513 2192; x_wconf 84' lang='lat' dir='ltr'>discant</span> <span class='ocrx_word' id='word_1_125' title='bbox 531 2136 602 2191; x_wconf 93' lang='lat' dir='ltr'>oculi</span> <span class='ocrx_word' id='word_1_126' title='bbox 621 2137 760 2192; x_wconf 86' lang='lat' dir='ltr'>lacrimare</span> <span class='ocrx_word' id='word_1_127' title='bbox 779 2139 878 2201; x_wconf 88' lang='lat' dir='ltr'>coacti,</span> 
     </span>
     <span class='ocr_line' id='line_1_21' title="bbox 252 2221 789 2292; baseline 0.004 -18"><span class='ocrx_word' id='word_1_128' title='bbox 252 2223 285 2275; x_wconf 87' lang='lat' dir='ltr'>l&#39;t</span> <span class='ocrx_word' id='word_1_129' title='bbox 302 2221 404 2277; x_wconf 87' lang='lat' dir='ltr'>faciant</span> <span class='ocrx_word' id='word_1_130' title='bbox 422 2223 492 2276; x_wconf 83' lang='lat' dir='ltr'>udas</span> <span class='ocrx_word' id='word_1_131' title='bbox 510 2221 555 2276; x_wconf 90' lang='lat' dir='ltr'>ille</span> <span class='ocrx_word' id='word_1_132' title='bbox 573 2222 617 2276; x_wconf 93' lang='lat' dir='ltr'>uel</span> <span class='ocrx_word' id='word_1_133' title='bbox 634 2223 678 2276; x_wconf 93' lang='lat' dir='ltr'>ille</span> <span class='ocrx_word' id='word_1_134' title='bbox 696 2239 789 2292; x_wconf 81' lang='lat' dir='ltr'>genas.</span> 
     </span>
     <span class='ocr_line' id='line_1_22' title="bbox 175 2306 829 2377; baseline 0.002 -17"><span class='ocrx_word' id='word_1_135' title='bbox 175 2323 200 2360; x_wconf 76' lang='lat' dir='ltr'>aa</span> <span class='ocrx_word' id='word_1_136' title='bbox 215 2307 279 2372; x_wconf 72' lang='lat' dir='ltr'>Nea</span> <span class='ocrx_word' id='word_1_137' title='bbox 297 2307 402 2377; x_wconf 93' lang='lat' dir='ltr'>siquem</span> <span class='ocrx_word' id='word_1_138' title='bbox 420 2306 505 2371; x_wconf 86' lang='lat' dir='ltr'>falles,</span> <span class='ocrx_word' id='word_1_139' title='bbox 525 2313 554 2361; x_wconf 90' lang='lat' dir='ltr'>tu</span> <span class='ocrx_word' id='word_1_140' title='bbox 572 2308 709 2377; x_wconf 82' lang='lat' dir='ltr'>periurare</span> <span class='ocrx_word' id='word_1_141' title='bbox 726 2308 829 2363; x_wconf 87' lang='lat' dir='ltr'>timeto.</span> 
     </span>
     <span class='ocr_line' id='line_1_23' title="bbox 250 2392 896 2450; baseline 0.005 -3"><span class='ocrx_word' id='word_1_142' title='bbox 250 2393 411 2447; x_wconf 74' lang='lat' dir='ltr'>Commodat</span> <span class='ocrx_word' id='word_1_143' title='bbox 428 2392 455 2446; x_wconf 92' lang='lat' dir='ltr'>in</span> <span class='ocrx_word' id='word_1_144' title='bbox 474 2393 550 2446; x_wconf 90' lang='lat' dir='ltr'>lusus</span> <span class='ocrx_word' id='word_1_145' title='bbox 569 2393 679 2447; x_wconf 91' lang='lat' dir='ltr'>numina</span> <span class='ocrx_word' id='word_1_146' title='bbox 697 2395 780 2448; x_wconf 86' lang='lat' dir='ltr'>surda</span> <span class='ocrx_word' id='word_1_147' title='bbox 798 2394 896 2450; x_wconf 88' lang='lat' dir='ltr'>Venus.</span> 
     </span>
     <span class='ocr_line' id='line_1_24' title="bbox 216 2476 912 2549; baseline 0.001 -17"><span class='ocrx_word' id='word_1_148' title='bbox 216 2476 319 2532; x_wconf 89' lang='lat' dir='ltr'>Seruus</span> <span class='ocrx_word' id='word_1_149' title='bbox 337 2478 417 2532; x_wconf 90' lang='lat' dir='ltr'>etad</span> <span class='ocrx_word' id='word_1_150' title='bbox 435 2483 527 2548; x_wconf 88' lang='lat' dir='ltr'>partes</span> <span class='ocrx_word' id='word_1_151' title='bbox 546 2478 641 2533; x_wconf 86' lang='lat' dir='ltr'>sollers</span> <span class='ocrx_word' id='word_1_152' title='bbox 660 2479 758 2533; x_wconf 90' lang='lat' dir='ltr'>aneilla</span> <span class='ocrx_word' id='word_1_153' title='bbox 777 2486 912 2549; x_wconf 80' lang='lat' dir='ltr'>parentur,</span> 
     </span>
     <span class='ocr_line' id='line_1_25' title="bbox 251 2562 862 2634; baseline 0.003 -18"><span class='ocrx_word' id='word_1_154' title='bbox 251 2562 304 2630; x_wconf 87' lang='lat' dir='ltr'>Qui</span> <span class='ocrx_word' id='word_1_155' title='bbox 321 2563 444 2627; x_wconf 87' lang='lat' dir='ltr'>doceant,</span> <span class='ocrx_word' id='word_1_156' title='bbox 463 2567 527 2632; x_wconf 90' lang='lat' dir='ltr'>apte</span> <span class='ocrx_word' id='word_1_157' title='bbox 546 2565 611 2634; x_wconf 93' lang='lat' dir='ltr'>quid</span> <span class='ocrx_word' id='word_1_158' title='bbox 629 2565 677 2618; x_wconf 89' lang='lat' dir='ltr'>tibi</span> <span class='ocrx_word' id='word_1_159' title='bbox 696 2564 784 2632; x_wconf 84' lang='lat' dir='ltr'>possit</span> <span class='ocrx_word' id='word_1_160' title='bbox 802 2565 862 2631; x_wconf 85' lang='lat' dir='ltr'>emi,</span> 
     </span>
     <span class='ocr_line' id='line_1_26' title="bbox 218 2647 981 2719; baseline 0.004 -18"><span class='ocrx_word' id='word_1_161' title='bbox 218 2648 251 2701; x_wconf 85' lang='lat' dir='ltr'>Et</span> <span class='ocrx_word' id='word_1_162' title='bbox 270 2647 321 2702; x_wconf 90' lang='lat' dir='ltr'>sibi</span> <span class='ocrx_word' id='word_1_163' title='bbox 339 2665 427 2717; x_wconf 90' lang='lat' dir='ltr'>pauca</span> <span class='ocrx_word' id='word_1_164' title='bbox 445 2654 549 2717; x_wconf 86' lang='lat' dir='ltr'>rogent.</span> <span class='ocrx_word' id='word_1_165' title='bbox 567 2649 668 2703; x_wconf 92' lang='lat' dir='ltr'>multos</span> <span class='ocrx_word' id='word_1_166' title='bbox 686 2650 709 2704; x_wconf 88' lang='lat' dir='ltr'>si</span> <span class='ocrx_word' id='word_1_167' title='bbox 728 2665 818 2719; x_wconf 87' lang='lat' dir='ltr'>pauca</span> <span class='ocrx_word' id='word_1_168' title='bbox 835 2650 981 2719; x_wconf 73' lang='lat' dir='ltr'>rogabunt,</span> 
     </span>
     <span class='ocr_line' id='line_1_27' title="bbox 175 2732 906 2803; baseline 0.003 -18"><span class='ocrx_word' id='word_1_169' title='bbox 175 2748 202 2785; x_wconf 80' lang='lat' dir='ltr'>eo</span> <span class='ocrx_word' id='word_1_170' title='bbox 251 2732 398 2788; x_wconf 89' lang='lat' dir='ltr'>Postmodo</span> <span class='ocrx_word' id='word_1_171' title='bbox 416 2734 450 2787; x_wconf 93' lang='lat' dir='ltr'>de</span> <span class='ocrx_word' id='word_1_172' title='bbox 468 2734 569 2803; x_wconf 89' lang='lat' dir='ltr'>stipula</span> <span class='ocrx_word' id='word_1_173' title='bbox 585 2735 697 2803; x_wconf 85' lang='lat' dir='ltr'>grandis</span> <span class='ocrx_word' id='word_1_174' title='bbox 715 2752 829 2789; x_wconf 85' lang='lat' dir='ltr'>aceruus</span> <span class='ocrx_word' id='word_1_175' title='bbox 848 2735 906 2788; x_wconf 90' lang='lat' dir='ltr'>erit.</span> 
     </span>
     <span class='ocr_line' id='line_1_28' title="bbox 217 2818 1017 2890; baseline 0.003 -19"><span class='ocrx_word' id='word_1_176' title='bbox 217 2818 252 2872; x_wconf 76' lang='lat' dir='ltr'>nt</span> <span class='ocrx_word' id='word_1_177' title='bbox 270 2834 347 2872; x_wconf 89' lang='lat' dir='ltr'>soror</span> <span class='ocrx_word' id='word_1_178' title='bbox 365 2823 393 2872; x_wconf 94' lang='lat' dir='ltr'>et</span> <span class='ocrx_word' id='word_1_179' title='bbox 410 2824 503 2884; x_wconf 89' lang='lat' dir='ltr'>mater,</span> <span class='ocrx_word' id='word_1_180' title='bbox 523 2819 613 2873; x_wconf 83' lang='lat' dir='ltr'>nutrix</span> <span class='ocrx_word' id='word_1_181' title='bbox 631 2836 740 2890; x_wconf 90' lang='lat' dir='ltr'>quoque</span> <span class='ocrx_word' id='word_1_182' title='bbox 758 2825 853 2890; x_wconf 86' lang='lat' dir='ltr'>carpat</span> <span class='ocrx_word' id='word_1_183' title='bbox 871 2829 1017 2875; x_wconf 86' lang='lat' dir='ltr'>amantem.</span> 
     </span>
     <span class='ocr_line' id='line_1_29' title="bbox 253 2902 898 2975; baseline 0.003 -19"><span class='ocrx_word' id='word_1_184' title='bbox 253 2902 295 2956; x_wconf 81' lang='lat' dir='ltr'>Fit</span> <span class='ocrx_word' id='word_1_185' title='bbox 312 2903 367 2957; x_wconf 89' lang='lat' dir='ltr'>cito</span> <span class='ocrx_word' id='word_1_186' title='bbox 385 2920 433 2973; x_wconf 91' lang='lat' dir='ltr'>per</span> <span class='ocrx_word' id='word_1_187' title='bbox 452 2904 550 2958; x_wconf 89' lang='lat' dir='ltr'>multas</span> <span class='ocrx_word' id='word_1_188' title='bbox 568 2905 670 2975; x_wconf 91' lang='lat' dir='ltr'>praeda</span> <span class='ocrx_word' id='word_1_189' title='bbox 688 2905 775 2974; x_wconf 88' lang='lat' dir='ltr'>petita</span> <span class='ocrx_word' id='word_1_190' title='bbox 794 2921 898 2959; x_wconf 83' lang='lat' dir='ltr'>manus.</span> 
     </span>
    </p>
   </div>
   <div class='ocr_carea' id='block_1_3' title="bbox 0 0 1192 3575">
    <p class='ocr_par' dir='ltr' id='par_1_3' title="bbox 0 0 1192 3575">
     <span class='ocr_line' id='line_1_30' title="bbox 0 0 1192 3575; baseline 0 0"><span class='ocrx_word' id='word_1_191' title='bbox 0 0 1192 3575; x_wconf 95' lang='lat' dir='ltr'> </span> 
     </span>
    </p>
   </div>
  </div>
 </body>
</html>
