2375 3575
441 488 561 522 numm
573 487 676 523 noum.
899 466 945 518 107

172 616 258 685 Quod
275 633 330 671 non
346 633 391 683 es,
410 616 509 672 simula
525 615 687 687 positosque
704 617 810 672 imitare
827 618 941 673 furores.

211 702 257 757 Sic
273 702 359 757 facies
377 717 453 767 uere,
474 701 548 772 quod
565 701 713 757 meditatus
731 701 793 757 eris.

174 790 268 858 Saepe
285 803 348 857 ego,
367 802 401 842 ne
418 787 550 853 biberem,
569 786 644 841 uolui
662 786 778 841 dormire
797 787 892 842 uideri.

129 885 161 923 oo
211 873 283 927 Dum
300 873 406 938 uideor,
425 888 523 927 somno
540 871 643 927 lumina
660 872 734 927 uicta
752 872 823 927 dedi.

179 958 333 1028 Deceptum
350 957 410 1023 risi,
429 958 476 1028 qui
494 973 525 1012 se
543 957 685 1011 simularat
702 973 794 1012 amare

211 1044 244 1097 ln
260 1042 374 1112 laqueos
391 1058 494 1112 auceps
513 1042 706 1112 decideratque
725 1057 799 1098 suos.

176 1128 265 1182 Intrat
282 1143 359 1182 amor
376 1132 482 1182 mentes
500 1143 559 1182 usu.
579 1127 729 1183 dediscitur
747 1144 807 1182 usu.

212 1212 264 1280 Qui
282 1212 383 1282 poterit
400 1228 498 1266 sanum
515 1212 629 1283 lingere,
649 1228 732 1267 sanus
751 1212 810 1267 erit.

129 1309 165 1347 ωδ
179 1298 297 1363 Dixerit,
317 1302 347 1352 ut
363 1298 457 1353 uenias
475 1301 559 1367 pacta
575 1298 624 1352 tibi
643 1302 729 1353 nocte.
748 1298 848 1353 uenito.

211 1382 336 1448 Veneris,
355 1388 384 1437 et
400 1382 482 1437 inerit
498 1382 582 1438 ianua
599 1383 706 1448 clausa,
725 1383 805 1439 feres.

178 1470 235 1523 Nec
252 1468 297 1522 dic
313 1468 461 1522 blanditias
479 1484 530 1523 nec
546 1468 592 1522 fac
610 1468 735 1523 conuicia
752 1468 840 1538 poeti,

214 1553 269 1608 Nec
285 1554 359 1609 latus
376 1553 404 1607 in
422 1553 491 1608 duro
508 1553 600 1608 limine
618 1570 690 1622 pone
708 1557 793 1608 tuum.

178 1640 294 1695 Postera
311 1637 357 1692 lux
375 1638 473 1705 aderit,
493 1643 605 1694 careant
621 1644 671 1693 tua
688 1640 773 1695 uerba
791 1638 930 1709 querellis,

129 1733 167 1771 aro
214 1725 250 1779 Et
268 1723 342 1778 nulla
358 1724 385 1778 in
403 1724 482 1778 uultu
500 1724 579 1794 signa
598 1724 715 1779 dolentis
732 1724 811 1779 habe.

179 1813 238 1866 lam
255 1817 340 1879 ponet
357 1810 457 1876 fastus,
478 1825 539 1865 cum
557 1814 585 1865 te
603 1810 732 1878 languere
749 1810 861 1866 uidebit.

213 1897 274 1951 Hoc
292 1895 374 1949 etiam
393 1899 488 1951 nostra
507 1912 605 1951 munus
624 1897 658 1951 ab
677 1901 736 1951 arte
753 1895 834 1950 feres

178 1983 219 2036 'le
237 1997 346 2053 quoque
362 1980 426 2035 falle
442 1986 548 2046 tamen,
566 1998 618 2036 nec
635 1981 673 2036 sit
690 1981 738 2035 tibi
758 1981 820 2035 finis
839 1981 948 2035 amandi

213 2066 383 2137 Propositus.
401 2066 486 2121 frenis
504 2083 589 2137 saepe
607 2070 744 2136 repugnat
762 2081 859 2136 equus.

133 2157 170 2195 ⁵¹⁵
182 2152 293 2207 Vtilitas
309 2152 406 2217 lateat,
426 2152 499 2222 quod
517 2168 572 2207 non
589 2152 763 2222 profitebere,
782 2151 836 2205 liet.

213 2238 291 2305 Quae
309 2237 388 2292 nimis
405 2241 541 2306 apparent
557 2238 638 2303 retia,
657 2237 727 2292 uitat
744 2236 813 2290 auis.

177 2323 218 2378 Ne
234 2323 285 2378 tibi
302 2326 359 2377 tam
377 2322 497 2393 placeat,
517 2339 588 2393 quae
606 2328 633 2377 te
652 2326 824 2377 contemnere
843 2323 942 2392 possit,

213 2408 297 2463 Sume
316 2408 434 2473 animos,
454 2409 551 2464 animis
570 2409 651 2463 cedat
668 2412 699 2462 ut
715 2407 763 2461 illa
779 2408 843 2462 tuis.

178 2495 268 2549 lanua
284 2494 355 2549 forte
373 2494 468 2564 patet?
486 2494 613 2563 quamuis
630 2493 809 2559 reuocabere,
826 2493 921 2548 transi.

130 2580 165 2620 ⁵²⁰
212 2579 265 2634 Est
280 2579 347 2633 data
364 2579 435 2634 nox?
453 2578 548 2635 dubita
565 2584 646 2634 nocte
663 2579 756 2634 uenire
774 2579 848 2632 data.

179 2666 266 2720 Posse
283 2665 342 2733 pati
359 2663 478 2729 facilest,
498 2665 557 2731 ubi,
575 2665 604 2719 ni
622 2663 758 2734 sapientia
776 2663 859 2728 desit,

212 2749 341 2804 Protinus
359 2765 392 2804 ex
409 2749 483 2804 facili
501 2750 604 2820 gaudia
620 2749 691 2805 ferre
708 2749 779 2804 licet.

179 2836 216 2891 Et
234 2835 379 2905 quisquam
398 2839 547 2904 praecepta
564 2839 656 2904 potest
673 2851 735 2890 mea
752 2835 820 2890 dura
838 2834 956 2888 uocare?

213 2921 269 2987 En,
287 2921 369 2975 etiam
387 2926 480 2990 partes
498 2921 669 2976 conciliantis
687 2937 748 2990 ago.
