2375 3575
230 464 277 518 190
555 486 664 521 anonas.

261 616 366 671 Fronde
384 616 435 670 sub
453 615 568 669 arborea
586 614 636 669 sed
654 620 746 669 tamen
766 620 860 669 aestus
879 619 943 668 erat

227 702 304 765 Ecce,
323 707 420 771 petens
439 699 521 754 uariis
539 700 675 753 immixtas
694 698 808 753 floribus
826 699 925 755 herbas

189 802 215 839 ro
265 785 396 839 Constitit
413 788 477 838 ante
495 783 590 839 oculos
609 784 727 838 candida
744 799 831 839 uacca
849 799 936 843 meos,

226 870 372 925 Candidior
389 870 506 934 niuibus,
524 874 590 922 tunc
608 885 670 923 cum
689 869 812 923 cecidere
829 873 963 933 recentes

260 956 291 1009 lu
308 954 425 1024 liquidas
444 955 563 1008 nondum
581 969 651 1023 quas
669 970 746 1008 mora
763 953 847 1008 uertit
864 969 960 1023 aquas:

227 1039 386 1105 Candidior,
405 1040 479 1109 quod
497 1039 587 1094 adhue
605 1039 710 1108 spumis
728 1038 908 1093 stridentibus
925 1038 973 1092 alb

261 1124 296 1177 Et
313 1124 395 1177 modo
413 1124 544 1178 siccatam
562 1123 635 1179 lacte
652 1122 763 1193 reliquit
780 1139 869 1177 ouem.

191 1222 213 1260 rs
227 1209 333 1264 'laurus
351 1214 410 1264 erat
426 1224 518 1263 comes
536 1208 607 1274 huie,
626 1207 740 1262 feliciter
755 1206 803 1261 ille
820 1207 947 1273 maritus,

261 1294 384 1363 Cumque
402 1310 453 1348 sua
470 1299 592 1348 teneram
610 1294 725 1361 coniuge
742 1292 845 1361 pressit
862 1292 973 1347 humum

228 1378 298 1432 Dum
316 1378 388 1432 iacet
405 1383 434 1432 et
450 1378 523 1433 lente
540 1383 685 1433 reuocatas
703 1378 822 1431 ruminat
839 1377 939 1433 herbas

261 1466 351 1533 Atque
369 1464 467 1517 iterum
484 1466 565 1532 pasto
583 1464 704 1533 pascitur
723 1466 787 1517 ante
804 1456 879 1529 cibo,

228 1548 308 1602 Visus
327 1553 386 1602 erat
403 1564 500 1603 somno
517 1548 590 1602 uires
609 1548 746 1603 adimente
763 1547 849 1602 feraci

163 1669 165 1671 -
189 1646 214 1687 ao
261 1632 438 1701 Cornigerum
456 1637 529 1687 terra
548 1632 710 1703 deposuisse
729 1637 822 1702 eaput,

227 1718 287 1771 Huc
305 1716 411 1773 leuibus
429 1718 522 1772 cornix
539 1718 630 1789 pinnis
649 1716 763 1788 delapsa
780 1734 830 1788 per
848 1734 930 1772 auras

262 1802 348 1867 Venit,
368 1809 396 1858 et
412 1805 441 1858 iu
458 1804 539 1858 uiridi
556 1803 668 1874 garrula
685 1803 757 1858 sedit
774 1803 866 1868 humo,

226 1887 333 1957 Terque
351 1889 430 1944 bouis
449 1889 545 1943 niueae
563 1888 696 1958 petulanti
715 1893 829 1958 pectora
846 1893 936 1944 rostro

260 1973 342 2028 Fodit
359 1980 387 2028 et
404 1974 521 2029 albentis
539 1973 653 2028 abstulit
670 1989 717 2027 ore
735 1973 822 2028 iubas.

189 2070 213 2108 aa
227 2058 277 2112 llla
294 2059 381 2113 locum
401 2064 564 2128 taurumque
582 2059 628 2112 diu
647 2062 775 2112 cunctata
792 2057 929 2127 relinquit.

262 2144 317 2198 Sed
334 2145 410 2212 niger
428 2144 453 2196 in
472 2158 574 2198 uaccae
592 2147 704 2212 pectore
722 2144 792 2197 liuor
810 2148 877 2196 erat.

228 2229 315 2298 thue
332 2229 426 2298 procul
446 2229 514 2282 uidit
532 2234 675 2296 carpentes
693 2227 796 2297 pabula
812 2232 908 2281 tauros
929 2257 959 2265 -

262 2314 417 2383 Carpebant
434 2314 504 2368 tauri
522 2313 624 2382 pabula
641 2313 714 2367 laeta
732 2313 826 2382 procul
848 2342 886 2377 -,

228 2399 294 2453 llluc
313 2415 342 2453 se
361 2399 453 2468 rapuit
470 2399 654 2468 gregibusque
672 2397 812 2452 inmiscuit
829 2396 883 2451 illis

190 2496 214 2533 30
261 2484 297 2538 Et
314 2485 394 2554 petiit
411 2484 511 2539 herbae
530 2483 668 2537 fertilioris
686 2483 805 2536 humum.

229 2570 279 2623 Dic
297 2585 356 2638 age,
376 2573 525 2623 nocturnae
544 2569 709 2637 quicumque
728 2583 758 2622 es
775 2567 903 2637 imaginis
922 2583 973 2634 aug

263 2655 358 2725 Siquid
377 2655 478 2709 habent
496 2653 562 2720 ueri,
580 2652 643 2707 uisa
660 2653 725 2722 quid
743 2653 797 2707 ista
815 2653 922 2706 ierant’

228 2740 273 2792 Sic
291 2755 350 2807 ego.
370 2745 518 2794 nocturnae
537 2739 577 2792 sic
596 2738 664 2792 dixit
680 2738 806 2806 imaginis
825 2754 930 2808 augur,

264 2823 428 2893 Expendens
446 2825 537 2878 animo
556 2824 664 2891 singula
682 2823 755 2878 dicta
772 2839 824 2890 suo

189 2918 214 2955 ³⁵
229 2910 321 2976 ‘Quem
340 2915 370 2962 tu
388 2909 532 2963 mobilibus
550 2907 621 2963 loliis
640 2909 727 2962 uitare
747 2907 867 2972 uolebas
