2375 3575
223 461 272 513 104
486 484 604 519 ununnrn
620 485 721 519 nnonrs.

222 617 257 668 At
275 613 356 668 simul
374 612 409 666 ad
427 617 514 668 metas
532 614 608 667 uenit
625 614 703 668 finita
721 614 863 685 uoluptas,

255 700 397 769 Lassaque
416 715 477 752 curn
494 703 553 753 tota
571 715 687 768 corpora
703 703 794 754 ruente
810 688 918 767 iao'ent,

170 799 208 837 415
221 786 292 839 Dum
311 784 399 855 piget,
418 789 449 837 ut
467 784 546 839 maiis
564 784 665 838 nullam
683 785 807 853 tetigisse
824 786 959 855 puellam,

256 870 445 939 Tacturusque
463 869 513 924 tibi
531 886 585 923 non
604 870 714 925 uideare
733 870 791 936 diu,

221 956 297 1009 Tuno
309 955 399 1009 animo
411 955 502 1024 signa,
516 956 707 1025 quodcumque
720 955 748 1009 in
758 972 871 1026 corpore
881 958 1039 1023 mendumst,

256 1040 424 1110 Luminaque
441 1040 470 1094 in
489 1040 561 1095 uitiis
579 1040 651 1095 iilius
669 1056 757 1110 usque
774 1044 846 1095 tene.
915 1043 1039 1110 [uocabit

220 1126 346 1180 Forsitan
365 1125 433 1179 haee
452 1125 595 1196 aliquis-
614 1142 678 1179 uanr
696 1130 760 1180 sunt
778 1142 888 1197 quoque
909 1145 1041 1198 —parua

169 1224 207 1263 rao
255 1212 310 1265 Sed
328 1226 399 1281 quae
418 1227 473 1264 non
490 1215 605 1280 prosunt
623 1211 742 1279 singula,
762 1211 848 1265 multa
864 1212 971 1267 iuuant.

220 1296 310 1350 Parua
328 1300 408 1350 necat
425 1311 517 1350 morsu
535 1296 690 1366 spatiosum
709 1296 804 1365 uipera
821 1301 940 1353 taurum.

255 1383 279 1434 Α
298 1396 365 1434 cane
384 1396 436 1433 nou
455 1398 555 1451 magno
573 1398 657 1451 saepe
676 1385 784 1435 tenetur
802 1399 876 1451 aper.

221 1466 262 1520 Tu
279 1469 386 1519 tantum
405 1482 517 1520 numero
536 1483 629 1536 pugna
647 1470 850 1537 praeceptaque
869 1468 898 1521 in
917 1485 1001 1523 unum

256 1551 403 1616 Contrane,
424 1552 457 1605 de
475 1552 568 1607 multis
586 1552 698 1620 grandis
717 1568 833 1606 aceruus
852 1554 911 1612 erit.

169 1648 207 1689 445
221 1636 275 1690 Sed
294 1636 421 1706 quoniam
439 1653 528 1691 mores
547 1636 661 1691 totidem
679 1638 847 1707 totidemque
865 1638 984 1708 figurae,

254 1721 314 1776 Non
332 1725 396 1776 sunt
413 1711 521 1776 iudiciis
539 1722 631 1776 omnia
649 1722 740 1777 danda
758 1724 834 1777 meis

220 1809 279 1875 Quo
297 1812 346 1862 tua
363 1823 418 1861 non
435 1811 551 1877 possunt
570 1807 671 1862 offendi
689 1812 801 1877 pectora
818 1809 904 1875 iacto,

253 1893 378 1947 Forsitan
398 1893 450 1947 hoo
468 1893 521 1947 alio
539 1893 629 1947 iudioe
648 1894 748 1948 crimen
767 1895 824 1948 erit.

220 1978 267 2032 Ille
287 1979 361 2047 quod
379 1978 513 2033 obscenas
532 1979 558 2032 in
578 1983 673 2048 aperto
692 1996 805 2049 corpore
823 1985 918 2050 partes

168 2081 206 2119 430
254 2063 376 2129 Viderat,
395 2064 523 2118 incursu
542 2064 588 2134 qui
608 2064 671 2128 fuit,
690 2065 780 2119 haesit
798 2082 886 2131 arnor,

219 2148 266 2202 Ille
285 2149 393 2218 quoda
411 2149 522 2204 Veneris
540 2151 621 2204 rebus
641 2154 769 2218 surgente
787 2150 880 2220 puella

253 2234 328 2288 Vidit
345 2237 373 2287 in
390 2234 520 2288 inmundo
539 2234 618 2303 signa
635 2236 764 2305 pudenda
782 2240 851 2290 toro.

165 2337 203 2375 437
218 2319 304 2386 Quid,
323 2321 369 2389 qui
388 2320 458 2374 olam
475 2319 555 2374 latuit
572 2320 704 2375 reddente
723 2321 841 2375 obscena
859 2322 962 2391 puella,

251 2405 288 2459 Et
306 2404 387 2471 uidit,
409 2421 478 2474 quae
498 2421 556 2459 mos
574 2405 634 2475 ipse
653 2405 744 2459 uidere
763 2406 856 2460 uetat?

217 2490 251 2544 Di
270 2490 380 2556 melius,
400 2507 482 2560 quam
500 2507 550 2545 nos
569 2507 728 2545 moneamus
746 2491 813 2544 talia
831 2507 1005 2562 quemquam.

164 2592 203 2631 440
252 2576 287 2629 Vt
304 2577 423 2645 prosint,
442 2593 496 2630 non
515 2582 579 2631 sunt
598 2576 767 2645 expedienda
784 2581 883 2631 tamen.

163 2677 201 2715 433
216 2661 335 2726 Luditis,
355 2678 371 2715 o
390 2662 485 2732 siquos
503 2666 651 2731 potuerunt
668 2662 721 2716 ista
740 2678 857 2716 mouere.
931 2682 944 2707 ν

249 2746 392 2802 Adflarant
409 2748 518 2817 tepidae
536 2752 649 2816 pectora
667 2751 760 2801 uestra
777 2748 860 2802 iac-es.

162 2843 199 2881 435
214 2831 349 2885 Adtrahet
366 2832 411 2885 ille
429 2849 497 2901 puer
515 2837 657 2887 contentos
676 2833 773 2887 fortius
792 2849 883 2898 arcus,

251 2916 351 2971 Saucia
370 2918 498 2972 maiorem
516 2918 597 2973 turba
614 2918 714 2987 petetis
733 2934 821 2987 opem.
