2375 3575
249 445 296 497 128
575 470 683 504 anonas.

279 598 337 651 Vda
354 598 391 653 sit
409 607 439 651 ut
455 597 573 652 lacrimis
590 598 673 652 ianua
690 598 764 653 facta
782 599 857 653 meis.

244 683 323 737 Certe
341 699 400 753 ego,
420 699 481 736 cum
498 684 589 751 posita
607 687 695 738 stares
714 683 750 737 ad
767 684 882 739 uerbera
901 690 989 751 ueste,

206 780 231 818 ac
281 769 322 822 Ad
341 768 475 822 dominam
494 784 543 837 pro
562 774 589 823 te
608 768 691 823 uerba
709 773 841 823 tremente
858 770 919 823 tuli.
991 841 994 845 .

244 853 317 921 Ergo
335 869 405 923 quae
423 852 509 906 ualuit
527 859 621 923 prote
640 870 749 924 quoque
767 853 855 923 gratia
874 856 1028 925 quondam,

278 939 338 993 Heu
357 938 474 992 facinus!
493 955 541 1007 pro
560 955 602 993 me
620 956 691 993 nunc
710 940 782 994 ualet
799 939 845 993 illa
863 942 979 1009 parum?

246 1023 337 1078 Redde
356 1023 442 1077 uicem
461 1023 570 1078 meritis.
588 1029 667 1091 grato
685 1023 748 1079 licet
765 1039 834 1089 esse,
853 1026 929 1094 quod
947 1031 1034 1096 optas.

279 1109 414 1178 Tempora
431 1109 519 1163 noctis
538 1113 610 1163 eunt.
631 1113 726 1163 excute
744 1114 825 1179 poste
842 1112 945 1165 seram!

207 1206 232 1241 ⁴2⁵
246 1194 361 1248 Excute!
380 1194 420 1248 sic
437 1210 564 1264 umquam
583 1193 665 1262 longa
683 1194 801 1249 releuere
820 1199 926 1260 catena,

279 1279 334 1333 Nec
351 1279 400 1333 tibi
418 1283 550 1349 perpetuo
568 1296 649 1334 serua
667 1280 773 1334 bibatur
791 1282 875 1349 aqua!

246 1365 359 1419 Ferreus
377 1369 498 1418 orantem
519 1365 690 1435 nequiquam.
709 1365 816 1430 ianitor,
835 1366 924 1420 audis.

280 1450 431 1504 Roboribus
450 1449 524 1504 duris
543 1450 625 1503 ianua
643 1447 712 1503 fulta
730 1451 805 1519 riget.

246 1536 360 1589 Vrbibus
378 1535 499 1589 obsessis
517 1535 627 1590 clausae
646 1536 793 1589 munimina
811 1540 907 1605 portae

206 1633 231 1668 a·
279 1621 403 1675 Prosunt.
420 1620 447 1672 in
467 1620 556 1674 media
572 1637 641 1689 pace
659 1622 725 1691 quid
742 1638 817 1675 arma
834 1621 933 1677 times?

245 1707 314 1773 Quid
332 1706 416 1759 facies
434 1705 515 1770 hosti,
534 1706 578 1774 qui
598 1706 638 1760 sic
656 1706 776 1760 excludis
794 1710 952 1761 amantem?

278 1792 413 1860 Tempora
430 1793 517 1846 noctis
536 1797 609 1846 eunt.
630 1800 725 1846 excute
743 1801 822 1862 poste
840 1795 945 1847 seram!

244 1877 302 1930 Non
321 1892 371 1945 ego
391 1876 518 1931 militibus
537 1878 616 1931 uenio
636 1879 780 1932 comitatus
799 1882 826 1932 et
843 1879 936 1934 armis.

279 1962 358 2016 Solus
376 1978 457 2028 eram,
476 1962 570 2016 sinon
589 1979 689 2016 saeuus
708 1963 818 2017 adesset
834 1964 927 2018 Amor.

206 2060 231 2094 2³5»
244 2048 323 2102 Hune
342 2063 400 2116 ego,
419 2047 443 2101 si
462 2048 576 2118 cupiam,
596 2064 731 2118 nusquam
749 2049 884 2103 dimittere
901 2066 1022 2118 possum.

278 2137 348 2188 Ante
366 2133 410 2187 uel
428 2150 445 2186 a
464 2133 589 2187 membris
608 2133 714 2187 diuidar
732 2135 791 2203 ipse
809 2134 885 2188 meis.

245 2219 316 2288 Ergo
333 2219 417 2272 Amor
434 2222 462 2271 et
479 2218 614 2272 modicum
633 2219 709 2273 circa.
722 2236 781 2273 mea
798 2222 925 2289 tempora
944 2222 1031 2274 uinum

279 2300 411 2358 Mecumst
428 2308 455 2357 et
474 2303 589 2358 madidis
607 2303 686 2373 lapsa
704 2321 805 2358 corona
822 2305 916 2359 comis.

245 2392 327 2442 Arma
345 2389 406 2459 quis
424 2389 491 2442 haec
508 2389 620 2442 timeat?
639 2390 700 2459 quis
720 2406 774 2444 non
791 2393 836 2444 eat
853 2391 952 2446 obuius
971 2390 1037 2444 illis?

207 2485 232 2522 ao
279 2474 414 2543 Tempora
430 2474 518 2528 noctis
537 2478 609 2528 eunt.
628 2480 725 2529 excute
743 2479 822 2544 poste
840 2477 942 2529 seram!

246 2559 346 2613 Lentus
365 2575 402 2624 es,
421 2576 455 2613 an
468 2576 587 2624 somnus,
608 2561 653 2630 qui
671 2565 698 2614 te
711 2561 780 2615 male
799 2561 903 2631 perdat,
924 2563 1038 2617 amantis

282 2644 368 2699 Verba
385 2646 433 2698 dat
450 2645 477 2698 in
495 2649 592 2700 uentos
611 2663 676 2700 aure
694 2645 804 2716 repulsa
820 2646 885 2699 tua?

247 2731 289 2793 At
308 2729 423 2793 memini,
442 2731 536 2800 primo,
556 2748 616 2784 cum
635 2734 663 2785 te
682 2731 769 2785 celare
788 2730 922 2787 uolebam.

279 2814 396 2883 Peruigil
413 2815 441 2868 in
459 2816 564 2870 mediae
582 2816 672 2871 sidera
690 2817 778 2871 noctis
796 2833 864 2871 eras.

207 2911 232 2946 ⁴⁵
247 2900 370 2954 Forsitan
388 2904 415 2953 et
433 2906 523 2955 tecum
541 2906 590 2954 tua
607 2918 679 2956 nuno
696 2902 842 2971 requiescit
859 2902 954 2957 amica.
