2375 3575
230 446 280 498 90⁸2
558 466 668 500 anonas.

229 598 309 652 Hunc
327 613 436 667 quoque
454 613 561 650 summa
578 596 636 649 dies
655 595 732 663 nigro
750 595 898 650 submersit
916 596 1022 648 Auerno.
1068 611 1069 624 r

263 682 415 749 Diffugiunt
433 682 529 735 auidos
548 681 670 734 carmina
687 679 745 733 solu
763 696 855 747 rogos.

230 768 317 820 Durat
334 782 404 835 opus
423 771 515 820 uatum
534 765 644 819 Troiani
663 765 737 837 lamp
755 765 856 819 laboris
927 788 933 796 ·

192 865 217 902 so
264 851 409 921 Tardaque
427 856 561 904 nocturno
578 850 634 904 tela
652 854 757 903 retexta
775 849 846 904 dolo.

230 936 276 990 Sic
293 936 414 990 Nemesis
433 935 555 1003 longum,
575 935 615 989 sic
632 934 712 988 Delia
729 950 828 988 nomen
848 934 996 996 habebunt,

264 1020 358 1074 Altera
376 1038 440 1075 cura
458 1036 566 1083 recens,
586 1021 673 1074 altera
690 1020 794 1089 primus
812 1036 897 1074 amor.

229 1106 298 1172 Quid
317 1122 368 1160 uos
386 1122 464 1159 sacra
482 1105 595 1158 iuuant?
615 1106 680 1175 quid
697 1122 769 1159 nunc
783 1106 921 1175 Aegyptia
937 1104 1040 1174 prosunt
1068 1120 1069 1127 ¹

264 1191 367 1246 Sistra?
386 1191 453 1260 quid
471 1192 496 1244 in
517 1206 606 1244 uacuo
624 1191 784 1244 secubuisse
801 1192 880 1245 toro?

191 1286 216 1324 30
230 1277 296 1329 Cum
315 1277 424 1344 rapiant
442 1274 514 1328 mala
531 1275 590 1328 fata
608 1275 694 1329 bonos
712 1276 898 1343 -ignoscite
917 1275 990 1330 fasso
1006 1302 1039 1334 -‚

264 1360 400 1416 Sollicitor
417 1360 472 1413 null
483 1377 506 1414 rs
524 1376 585 1414 esse
605 1365 701 1428 putare
719 1360 794 1415 deos.

229 1445 296 1499 Viue
313 1448 386 1515 pius,
404 1446 519 1499 moriere
537 1445 609 1514 pius.
627 1445 685 1498 cole
704 1460 795 1509 sacra,
814 1443 949 1497 colentem

262 1531 335 1584 Mors
353 1530 445 1598 grauis
464 1548 481 1583 a
494 1530 608 1599 templis
625 1530 652 1583 in
673 1546 742 1583 caua
759 1528 840 1583 busta
852 1528 956 1582 trahet.

230 1616 399 1670 Carminibus
418 1616 523 1668 conlirle
542 1615 628 1668 bonis.
646 1615 729 1680 iacet,
748 1629 825 1679 ecce,
844 1613 975 1668 Tibullus.

191 1712 216 1749 ro
263 1700 313 1754 Vix
331 1705 423 1754 manet
441 1717 456 1753 e
474 1704 547 1764 toto,
566 1716 653 1769 parua
671 1700 745 1769 quod
763 1715 833 1753 urna
850 1700 932 1769 capit.

229 1786 317 1850 Tene,
336 1803 412 1841 sacer
431 1791 523 1851 uates,
542 1785 668 1840 flammae
685 1801 801 1854 rapuere
818 1785 939 1854 rogales,

264 1872 422 1926 Pectoribus
440 1871 517 1940 pasci
537 1886 587 1925 nec
605 1871 720 1923 timuere
737 1870 811 1923 tuis?

231 1959 321 2011 Aurea
339 1962 495 2010 sauctorum
515 1957 670 2025 potuissent
688 1955 791 2024 templa
808 1955 921 2009 deorum

265 2042 358 2106 l'rere,
378 2058 448 2110 quae
467 2046 573 2095 tantum
592 2041 746 2094 sustinuere
765 2039 850 2093 nefas.

192 2138 218 2173 4⁵
232 2127 339 2180 Auertit
352 2127 451 2191 uultus,
469 2126 564 2197 Erycis
582 2141 654 2194 quae
672 2126 796 2194 possidet
808 2141 896 2184 arces,

264 2212 333 2265 Sunt
351 2228 471 2282 quoque,
492 2213 537 2280 qui
556 2210 683 2264 lacrimas
702 2211 871 2264 continuisse
890 2214 998 2278 negant.

231 2297 284 2352 Serl
302 2302 393 2350 tamen
411 2297 463 2350 hoc
481 2296 588 2360 melius,
609 2311 691 2364 quarn
710 2295 733 2348 si
750 2294 886 2349 Phaeacia
903 2295 983 2349 tellus

263 2382 387 2450 Ignotum
407 2381 452 2435 uili
472 2381 664 2451 supposuisset
682 2381 771 2434 humo.

230 2467 299 2520 llinc
317 2472 390 2520 certe
408 2466 531 2521 madidos
548 2467 681 2534 fugientis
696 2465 797 2535 pressit
814 2464 916 2519 ocellos

193 2565 216 2601 so
263 2552 349 2606 Mater
367 2558 394 2605 et
412 2553 439 2605 in
458 2552 563 2605 cineres
581 2550 676 2604 ultima
688 2551 767 2604 'dona
784 2550 854 2615 tulit

230 2637 300 2690 llinc
318 2653 394 2691 soror
412 2638 439 2690 in
457 2640 563 2706 partem
582 2637 681 2690 misera
699 2652 760 2689 curn
778 2639 865 2689 matre
883 2634 984 2689 doloris

265 2722 343 2775 Venit
361 2723 501 2776 inornatas
520 2720 653 2775 dilaniata
671 2737 777 2785 comas,

227 2804 352 2877 Utrinque
370 2808 424 2861 tuis
444 2824 494 2860 sua
512 2808 658 2859 iunxerunt
676 2805 853 2874 Nemesisque
872 2805 999 2876 priorque

261 2892 364 2950 Oscula
383 2909 433 2949 nec
452 2891 527 2950 solos
547 2892 695 2946 destituere
714 2906 803 2958 rogos.
