2375 3575
239 461 272 513 46
546 481 596 513 ans
610 480 752 514 annnorum.

239 612 306 680 Quis
324 616 419 680 stupor
439 610 495 675 hic,
513 609 648 675 Menolae,
664 608 734 663 fuit?
752 613 783 663 tu
802 606 877 663 solus
896 606 1004 663 abibas?

259 697 362 751 'lsdem
381 696 432 751 sub
450 696 530 750 tectis
548 695 650 765 hospes
669 700 699 748 et
715 710 781 747 uxor
800 692 894 747 erant?

238 782 368 851 Accipitri
385 781 495 836 timidas
515 780 614 846 credis,
633 779 746 844 furiose,
765 777 914 834 columbas.

274 866 386 922 Plenum
404 871 534 920 montano
553 866 640 920 credis
659 864 730 919 onile
743 864 815 933 lupo.

189 968 226 1007 aes
241 951 283 1007 Nil
300 951 402 1006 Helene
420 956 528 1021 peccat,
548 951 615 1006 nihil
631 951 675 1005 hic
694 948 838 1004 committit
856 949 969 1003 adulter.

274 1036 351 1105 Quod
369 1042 412 1101 tn,
432 1037 506 1106 quod
524 1038 626 1091 laceret
644 1035 768 1106 quilibet,
788 1034 831 1088 ille
849 1035 922 1091 facit.

240 1122 322 1191 Cogis
340 1121 502 1176 adulterium
521 1122 611 1176 dando
629 1126 792 1190 tempusque
809 1121 963 1191 locumque.

274 1208 345 1275 Quid
364 1207 415 1261 nisi
434 1208 575 1262 consiliost
592 1223 643 1260 usa
660 1207 752 1277 puella
768 1207 836 1261 tuo?

240 1293 312 1360 Quid
329 1292 429 1346 faciat?
448 1292 490 1346 nir
508 1293 596 1356 abest,
616 1296 644 1346 et
661 1292 740 1346 adest
752 1308 805 1346 non
819 1291 937 1346 rusticus
950 1290 1022 1359 hosp<

190 1393 227 1431 aro
275 1378 310 1432 Et
327 1377 406 1432 timet
422 1378 450 1431 in
469 1394 556 1432 uacuo
574 1377 634 1432 sola
651 1378 751 1432 cubare
769 1382 837 1431 toro.

244 1463 345 1517 Viderit
362 1464 479 1517 Atrides
498 1463 618 1518 Helenen
638 1479 688 1532 ego
708 1462 818 1516 crimine
836 1462 923 1517 soluo.

276 1549 358 1603 Vsast
375 1549 486 1603 humani
505 1548 696 1603 commoditate
715 1547 774 1601 uiri.

243 1634 297 1690 Sed
314 1650 402 1704 neque
420 1633 511 1689 fuluns
529 1650 596 1704 aper
614 1634 776 1688 mediatam
796 1649 896 1687 saeuus
918 1634 946 1687 in
969 1635 1022 1687 iras

277 1719 416 1773 Fulmineo
435 1719 544 1774 rabidos
563 1735 624 1773 cum
643 1723 715 1772 rotat
733 1734 779 1773 ore
798 1734 888 1785 canes,

191 1804 368 1870 0οΝ00100,
388 1822 449 1860 oum
467 1805 564 1860 catulis
583 1805 747 1860 lactantibus
766 1805 849 1859 ubera
866 1805 987 1875 praebet,

276 1891 330 1946 Nec
347 1891 437 1945 breuis
455 1892 551 1960 ignaro
569 1891 664 1960 uipera
682 1891 758 1946 laesa
775 1890 853 1960 pede,

241 1974 353 2029 Femina
372 1992 454 2044 quam
472 1976 540 2030 socii
558 1976 693 2045 deprensa
711 1977 797 2045 pelice
815 1976 886 2032 lecti.

275 2060 359 2114 Ardet
378 2062 449 2115 etin
468 2060 543 2115 uultu
563 2062 678 2130 pignora
696 2063 793 2117 mentis
812 2062 901 2117 habet.

241 2144 272 2199 ln
290 2145 389 2200 ferrum
407 2146 584 2217 flammasque
603 2147 656 2200 ruit
674 2149 820 2217 positoque
838 2147 935 2202 decore

191 2244 228 2283 000
277 2230 370 2285 Fertur
388 2237 418 2284 ut
436 2231 515 2286 Aonii
534 2232 660 2286 cornibus
678 2232 734 2286 icta
751 2232 802 2287 dei,

242 2315 371 2385 Coniugis
388 2316 537 2372 admissum
556 2318 712 2387 uiolataque
730 2319 790 2372 iura
807 2318 921 2372 maritae

275 2401 394 2456 Barbara
411 2419 460 2472 per
477 2408 557 2456 natos
574 2402 690 2457 Phasias
710 2402 767 2457 ulta
785 2419 858 2458 snos.

242 2485 334 2540 Altera
352 2486 411 2541 dira
428 2505 527 2558 parens
545 2488 615 2542 haec
633 2505 677 2552 en,
697 2504 778 2558 qnam
797 2488 897 2554 cernis,
916 2484 1022 2543 nirano«

275 2571 387 2640 Aspice,
407 2573 542 2641 signatum
562 2573 695 2642 sanguine
713 2576 810 2643 pectus
828 2573 920 2629 habet.

190 2668 228 2707 000
241 2656 300 2711 Ηο0
318 2657 386 2712 bene
404 2659 583 2728 compositos,
603 2659 654 2712 hoc
672 2659 763 2712 firmos
782 2657 864 2712 soluit
881 2674 997 2715 amores.

275 2742 393 2797 Crimina
411 2749 475 2798 snnt
493 2744 580 2798 cantis
599 2745 652 2797 ista
670 2743 789 2798 timenda
808 2742 881 2799 uiris.

240 2826 296 2880 Nec
313 2843 375 2882 mea
393 2845 442 2883 uos
460 2830 506 2882 uni
525 2828 637 2882 damnat
656 2844 771 2883 censura
787 2829 903 2899 puellae.

275 2911 309 2966 Di
328 2912 435 2967 melina!
455 2913 500 2968 uix
517 2913 570 2967 hoc
588 2920 673 2982 nupta
690 2920 783 2969 tenere
801 2919 901 2984 potest.
