2375 3575
245 448 279 501 42
524 474 571 508 ass
586 475 725 510 annonis.

246 601 334 671 Saepe
351 606 400 657 tua
417 605 538 672 poteras,
558 603 693 670 Leandro,
711 621 803 660 carere
820 607 920 676 puella.

194 687 232 729 2³⁰
279 687 464 753 Transuabas‚
484 688 601 743 animum
620 693 714 745 nosset
730 696 761 745 ut
777 691 825 747 illa
841 696 927 748 tuum.

245 773 299 827 Nec
318 773 404 842 pudor
422 773 544 839 ancillas,
563 778 593 829 ut
611 790 735 845 quaeque
753 778 803 830 erit
821 778 915 834 ordine
933 781 1020 850 prima,

278 858 332 914 Nec
350 859 398 914 tibi
416 859 453 914 sit
470 875 564 914 seruos
583 859 748 915 demeruisse
766 864 862 931 pudor.

244 944 356 1000 Nomine
374 961 509 1015 quemque
527 961 577 999 suo
596 975 627 983 —
646 944 870 1003 nullast-iactura
890 982 921 991 -
942 951 1028 1013 saluta,

278 1030 364 1099 lunge
381 1030 435 1084 tuis
453 1029 580 1095 humiles,
600 1030 753 1097 ambitiose,
772 1049 878 1089 manus.
897 1033 898 1036 ’

193 1125 230 1164 2⁵5
244 1115 299 1172 Sed
316 1119 407 1170 tamen
425 1119 452 1169 et
470 1131 548 1171 servo
568 1147 599 1154 —
621 1115 690 1171 leuis
708 1117 885 1187 estimpensa
904 1153 936 1161 -
953 1118 1058 1191 roganti,

279 1201 388 1269 Porrige
405 1201 542 1256 Fortunae
561 1218 673 1256 munera
690 1218 776 1271 parua
793 1203 849 1267 die,

243 1287 352 1357 Porrige
371 1291 398 1341 et
416 1286 540 1352 ancillae,
561 1303 616 1357 qua
632 1302 736 1356 poenas
753 1287 813 1342 luce
830 1291 963 1359 pependit

278 1372 351 1427 Lusa
368 1370 484 1427 maritali
503 1371 606 1427 Gallica
623 1375 700 1426 ueste
718 1388 822 1427 manus.

243 1458 298 1513 Fac
315 1457 433 1528 plebem,
453 1458 516 1512 mihi
535 1457 626 1523 crede,
644 1460 727 1512 tuam.
751 1458 787 1512 sit
804 1476 914 1530 semper
932 1464 958 1517 in
975 1461 1016 1516 illa

191 1551 229 1592 ²60
277 1543 378 1599 Ianitor
396 1547 424 1598 et
442 1542 552 1597 thalami
572 1543 618 1612 qui
636 1544 707 1597 iacet
724 1548 787 1598 ante
805 1545 887 1600 fores.

242 1630 296 1685 Nec
314 1629 450 1683 dominam
467 1628 547 1682 iubeo
566 1628 685 1697 pretioso
704 1646 813 1684 munere
831 1631 926 1688 dones.

276 1716 364 1771 Parua
382 1713 430 1769 sed
449 1730 464 1768 e
481 1714 574 1783 paruis
593 1713 706 1770 callidus
725 1719 791 1785 apta
809 1716 882 1770 dato.

241 1802 312 1857 Dum
330 1800 398 1855 bene
417 1800 494 1855 diues
513 1815 589 1868 ager,
610 1800 672 1855 dum
691 1804 757 1856 rami
775 1802 896 1871 pendere
915 1808 1017 1860 nutant.

275 1887 388 1943 Adferat
405 1886 432 1940 in
451 1885 558 1940 calatho
577 1886 678 1940 rustica
696 1886 768 1941 dona
786 1903 860 1956 puer.

190 1982 227 2022 ²6⁵
240 1976 313 2040 Rure
332 1972 486 2028 suburbano
504 1972 606 2041 poteris
625 1972 673 2026 tibi
691 1971 780 2027 dicere
799 1973 892 2038 missa,

274 2060 323 2115 llla
340 2058 383 2113 uel
401 2058 429 2113 in
447 2058 531 2113 Sacra
549 2058 603 2112 sint
619 2056 683 2112 licet
701 2061 791 2128 empta
810 2058 862 2112 uia.

239 2146 353 2203 Adferat
371 2149 419 2200 aut
435 2160 504 2199 uuas
527 2147 575 2197 aut
592 2157 661 2212 quas
680 2143 822 2215 Amaryllis
841 2145 953 2200 amabat
969 2177 1001 2186 -

274 2236 309 2290 At
328 2248 398 2287 nunc
416 2234 559 2286 castaneas
579 2245 632 2282 non
651 2232 725 2283 amat
742 2228 788 2283 illa
808 2262 835 2269 -
859 2246 954 2286 nuces.

240 2322 311 2391 Quin
329 2320 409 2375 etiam
428 2316 562 2386 turdoque
580 2314 643 2369 licet
662 2314 799 2384 missaque
817 2313 944 2371 columba

188 2421 227 2461 111
273 2407 312 2462 Te
332 2420 473 2461 memorem
494 2401 618 2457 dominae
636 2400 781 2455 testificere
798 2404 870 2454 tuae.

239 2493 365 2565 Turpiter
382 2491 424 2545 his
443 2489 539 2544 emitur
558 2502 622 2556 spes
640 2485 734 2539 mortis
752 2489 780 2539 et
797 2485 863 2539 orba
884 2491 1018 2542 seneetns.

273 2583 308 2645 A,
328 2580 452 2648 pereant,
471 2590 520 2645 per
537 2588 607 2643 quos
626 2586 737 2625 munera
755 2570 854 2625 crimen
873 2571 982 2627 habeut.

237 2665 308 2735 Quid
326 2664 374 2720 tibi
391 2660 555 2733 praecipiam
573 2661 681 2712 teneros
699 2671 807 2726 quoque
819 2658 928 2711 mittere
940 2674 995 2713 uer

270 2752 303 2807 lli
322 2750 398 2815 mihi,
417 2764 471 2802 non
489 2743 602 2799 multum
621 2756 728 2796 carmen
746 2740 857 2795 honoris
874 2741 964 2798 habet¹

186 2858 222 2900 atu
238 2838 364 2895 Carmina
381 2833 536 2895 laudantur,
557 2828 607 2884 sed
626 2842 736 2881 munera
753 2842 853 2895 magua
870 2831 948 2896 petur

250 2909 423 2980 lDummodo
440 2918 478 2974 sit
494 2915 582 2979 diues,
602 2912 732 2969 barbarus
749 2908 810 2979 ipae
827 2911 919 2979 placet
