2375 3575
250 459 285 512 5⁴2
534 482 580 518 nus
593 482 733 517 1555505515.

253 615 319 668 l'um
336 611 424 678 uolet,
443 612 568 668 accedes
587 628 649 667 cum
665 617 694 667 to
711 611 817 674 uitabit,
835 611 932 668 abibis.

201 718 239 758 500
285 697 407 753 Dedecet
424 697 557 767 ingenuos
574 697 667 752 taedio
684 695 754 752 ferre
772 697 823 752 sui.

253 783 386 852 ‘Effugere
403 782 476 838 hune
493 799 548 837 non
566 783 615 837 est’
634 798 718 852 quare
734 782 784 839 tibi
802 783 892 854 possit
909 783 996 839 amice

285 869 399 925 Dicere?
418 885 473 924 non
491 867 705 938 omnitempore
723 884 821 924 sensus
839 868 928 924 adest.

251 954 306 1011 Nec
323 954 468 1010 maledicte
486 958 553 1025 pute
570 968 622 1009 nee
639 953 753 1008 uerbera
769 954 839 1008 ferre
857 953 967 1024 puellae

285 1039 376 1110 Turpe
394 1055 445 1095 nee
462 1040 498 1094 051
514 1043 624 1094 teneros
642 1038 737 1093 oscula
753 1039 823 1093 ferre
839 1039 935 1108 pedes.

202 1144 238 1184 505
254 1125 325 1193 Quid
343 1140 431 1179 moror
449 1126 475 1178 in
494 1124 607 1195 paruis?
625 1124 732 1179 animus
750 1123 897 1180 maioribus
915 1124 1007 1181 instet.

285 1211 384 1280 Magne
403 1226 506 1264 0000555.
525 1215 584 1264 toto
601 1214 720 1279 pectore,
739 1209 845 1278 uulgus,
864 1210 941 1266 ades.

250 1295 344 1351 Ardua
361 1294 493 1350 molimur.
513 1294 563 1350 sed
581 1294 656 1350 nulla
673 1294 725 1350 nisi
743 1295 829 1349 ardua
846 1295 945 1352 uirtus.

284 1380 408 1436 Difficilis
427 1384 521 1436 nostre
538 1381 660 1450 poscitur
677 1385 736 1435 arte
753 1380 837 1436 labor.

252 1465 374 1522 Riuelem
392 1466 528 1536 patienter
544 1465 623 1531 habe,
641 1465 758 1520 uictoria
775 1471 866 1520 tecum

201 1570 238 1610 540
285 1550 382 1607 Stabit.
401 1551 454 1607 eris
472 1551 562 1620 magni
581 1551 668 1605 uictor
685 1552 714 1606 iu
731 1551 795 1606 orbe
813 1552 894 1607 louis.

251 1638 325 1693 llaec
341 1637 390 1693 tibi
408 1653 464 1691 non
481 1636 617 1691 hominem
639 1637 689 1691 sed
707 1652 823 1707 quercus
842 1638 923 1692 crede
942 1639 1062 1708 Pelasgo

285 1723 389 1778 Dicere.
409 1722 446 1776 nil
462 1722 524 1777 istis
541 1738 587 1777 ers
605 1737 666 1776 mee
684 1721 772 1777 maius
790 1723 881 1779 habet.

250 1809 349 1864 Innuet
364 1808 418 1863 ille.
438 1807 519 1863 feres.
538 1808 645 1864 scribet.
665 1824 700 1863 ne
717 1813 801 1878 tange
818 1809 942 1866 tabellas.

285 1895 361 1950 Vnde
379 1894 454 1949 uolet
470 1894 570 1959 ueniat,
590 1909 700 1965 quoque
716 1894 813 1951 libebit
829 1899 882 1949 eet.

201 1980 494 2049 545Ηο0101ος111500
511 1983 653 2049 praestant
671 1996 755 2034 uxore
773 1980 873 2046 mariti,
902 1997 904 2001 ⁴

144 2139 147 2144 .
285 2065 352 2122 (inm
369 2071 446 2121 tener
465 2066 609 2135 adportes
627 2068 657 2119 tu
676 2081 785 2136 quoque
803 2082 898 2121 somne
916 2067 1003 2123 uenis.

250 2152 310 2207 Hac
328 2167 386 2219 ego,
405 2151 547 2218 confiteor,
566 2168 620 2206 non
639 2168 700 2206 sum
717 2152 855 2221 perlectus
872 2151 899 2206 in
917 2156 986 2207 arte.

284 2237 356 2306 Quid
371 2236 488 2293 faciani?
506 2236 616 2291 monitis
634 2253 694 2291 sum
712 2238 798 2293 minor
814 2238 874 2307 ipse
893 2238 971 2293 meis.

249 2322 327 2378 Mene
344 2323 436 2393 palum
453 2326 562 2378 nostrae
581 2322 628 2377 det
645 2321 791 2393 quisquam
808 2322 887 2391 signe
903 2323 1019 2394 puellae,

199 2422 237 2462 550
284 2408 320 2463 Et
336 2408 435 2479 potiar,
453 2424 503 2463 nec
520 2425 564 2463 me
582 2408 703 2479 quolibet
720 2408 761 2463 150
778 2407 865 2462 feret?

251 2493 352 2549 Oscula
370 2494 411 2549 uir
430 2494 549 2560 dederat,
568 2494 685 2560 memini,
704 2510 780 2550 suus.
798 2492 892 2549 oscula
909 2500 1025 2565 questus

286 2580 351 2635 Sum
370 2579 443 2634 data.
463 2580 589 2635 barbaria
607 2584 700 2636 noster
718 2580 839 2636 abundet
857 2596 941 2635 amor.

249 2665 309 2719 Non
327 2665 410 2720 semel
428 2665 480 2720 hoc
497 2665 593 2720 uitium
611 2665 704 2721 nocuit
721 2666 793 2720 mihi.
813 2664 917 2720 doctior
934 2665 992 2733 1110,

285 2750 343 2817 Quo
363 2750 476 2805 ueniunt
494 2750 539 2804 elii
557 2750 718 2805 conciliante
735 2751 795 2805 uiri.

198 2848 237 2886 555
251 2835 305 2889 Sed
323 2834 418 2890 melios
436 2836 557 2891 nescisse
574 2834 634 2891 fuit.
652 2836 711 2891 sine
728 2836 801 2890 furta
818 2839 956 2906 tegantur,

283 2920 322 2975 Ne
339 2919 427 2989 fugiat
444 2920 516 2975 uicto
534 2918 626 2975 laesus
644 2922 742 2976 abore
760 2921 854 2990 pudor.
