2375 3575
495 493 543 528 uns
556 493 695 529 sunnonis.
965 472 981 523 7

213 624 258 689 Tuv
274 638 396 694 quoque,
415 622 555 677 materiam
573 623 655 691 longo
673 624 721 693 qui
738 623 846 693 quaeris
866 623 964 691 amori,

175 724 200 761 so
247 710 320 763 Ante
337 708 465 778 frequens
483 723 537 778 quo
555 708 593 763 sit
610 707 685 763 disee
702 708 794 778 puella
810 708 879 763 loeo.

214 794 274 849 Non
291 808 343 862 ego
361 797 537 863 quaerentem
555 797 637 847 uento
656 793 721 847 dare
738 792 801 848 uela
817 793 929 859 iubebo,

247 878 303 933 Nee
319 878 377 944 tibi,
397 882 427 932 ut
442 878 574 942 inuenies,
592 877 676 945 longa
692 872 807 932 terenda
824 878 904 933 uiast.

214 963 408 1019 Andromedan
425 962 542 1018 Perseus
560 962 644 1030 nigris
663 962 777 1032 portarit
795 963 830 1018 ab
848 963 929 1029 ludis,

248 1049 393 1119 Raptaque
412 1048 448 1102 sit
466 1047 583 1119 Phrygio
602 1047 685 1102 Graia
702 1046 794 1117 puella
810 1047 879 1102 uiro.

175 1147 200 1183 ⁵⁵
214 1133 269 1188 l'ot
285 1133 334 1187 tibi
352 1137 464 1203 tamque
481 1133 557 1187 dabit
573 1132 707 1187 formosas
725 1132 813 1187 Roma
830 1131 947 1201 puellas,

250 1218 333 1273 ‘Haeo
351 1218 441 1273 habet’
460 1222 490 1271 ut
508 1217 583 1272 dieas
604 1216 740 1287 ‘quioquid
757 1216 785 1271 in
804 1217 869 1273 orbe
885 1217 954 1271 fuit’

213 1306 337 1374 Gargara
349 1308 417 1373 quot
433 1306 549 1371 segetes,
566 1306 634 1373 quot
647 1302 728 1356 habet
736 1301 891 1373 Methymna
902 1316 1035 1367 racemos,

133 1392 138 1404 “
248 1390 374 1459 Aequore
392 1392 460 1458 quot
476 1388 578 1457 pisces,
597 1387 694 1441 fronde
710 1391 840 1455 teguntur
857 1402 929 1451 aves,

214 1474 288 1541 Quot
306 1473 410 1528 caelum
429 1472 536 1537 stellas,
555 1475 598 1526 tot
616 1471 697 1527 habet
714 1477 763 1527 tua
779 1472 868 1526 Rome
884 1469 997 1540 puellas,

173 1568 200 1607 ⁶0
247 1560 333 1613 Mater
351 1563 379 1612 et
395 1561 505 1613 Aeneae
523 1560 632 1612 constat
648 1556 676 1610 in
694 1557 760 1612 urbe
777 1556 828 1611 sui.

213 1644 269 1698 Seu
287 1644 392 1713 caperis
411 1643 504 1713 primis
523 1647 551 1697 et
568 1642 658 1697 adhue
676 1642 861 1697 arescentibus
879 1642 966 1707 annis,

248 1730 319 1783 Ante
337 1728 431 1783 oeulos
449 1728 541 1783 ueniet
558 1742 624 1781 uera
642 1726 733 1797 puella
749 1730 827 1794 tuos,

213 1815 280 1870 Siue
298 1814 374 1884 cupis
392 1815 531 1879 iuuenem,
555 1813 669 1868 iuuenes
686 1813 735 1869 tibi
752 1813 825 1867 mille
842 1814 999 1883 placebunt,

250 1899 362 1968 Cogeris
380 1904 408 1954 et
425 1899 483 1953 uoti
501 1898 610 1953 nesoius
628 1913 690 1953 esse
707 1897 761 1963 tui,

175 1994 202 2032 6⁵
216 1984 272 2040 Seu
289 1988 317 2039 te
335 1985 405 2039 forte
423 1984 500 2038 iuuat
517 1999 579 2038 sera
597 1989 624 2037 et
642 1984 792 2052 sapientior
809 1987 897 2050 aetas,

251 2068 310 2124 Hoo
327 2084 437 2140 quoque
456 2099 487 2107 —
506 2069 586 2123 erede
604 2068 669 2122 mihi
685 2099 719 2108 —
736 2069 843 2138 plenius
861 2084 958 2140 agmen
977 2068 1036 2122 erit.

217 2154 260 2209 Tu
277 2155 358 2209 modo
376 2154 506 2223 Pompeia
523 2154 614 2208 lentus
633 2153 753 2222 spatiare
770 2154 820 2208 sub
839 2153 941 2219 umbra,

252 2238 320 2294 (lum
339 2239 380 2294 sol
399 2238 523 2293 Herculei
541 2243 620 2307 terga
636 2237 724 2293 leonis
742 2238 806 2304 adit

217 2326 274 2379 Aut
291 2324 338 2380 ubi
356 2324 511 2379 muneribus
529 2324 586 2378 nati
604 2340 655 2378 sua
673 2339 785 2378 munera
797 2327 883 2378 mater

176 2419 203 2457 7⁰
251 2409 371 2474 Addidit
390 2413 500 2464 externo
519 2424 652 2463 marmore
669 2408 747 2464 diues
765 2424 844 2477 opus,

216 2495 271 2550 Neo
288 2494 338 2550 tibi
355 2494 468 2559 uitetur,
487 2509 558 2564 quae
575 2493 672 2563 priscis
691 2509 788 2562 sparsa
805 2493 912 2549 tabellis

250 2579 374 2635 Porticus
392 2579 512 2634 auctoris
529 2578 608 2633 Liuia
625 2594 724 2633 nomeu
740 2579 831 2644 habet,

217 2666 332 2735 Quaque
349 2680 448 2734 parare
465 2679 559 2718 neoem
577 2663 684 2718 miseris
701 2663 870 2736 patruelibus
889 2679 973 2719 ansae

251 2749 359 2804 Belides
377 2753 405 2805 et
423 2752 517 2805 stricto
534 2752 591 2803 stat
608 2749 683 2805 ferus
701 2765 767 2805 ense
785 2753 871 2819 pater.

180 2839 204 2877 ²⁵
218 2834 275 2889 Neo
292 2838 320 2890 te
337 2838 491 2904 praetereat
509 2833 606 2889 Veneri
623 2835 746 2905 ploratus
764 2833 869 2889 Adonis

252 2919 386 2992 Cultaque
404 2921 507 2976 Iudaeo
524 2921 641 2990 septima
657 2932 737 2976 saera
754 2917 831 2992 Syro.
