<?xml version="1.0" encoding="UTF-8"?>
<!DOCTYPE html PUBLIC "-//W3C//DTD XHTML 1.0 Transitional//EN"
    "http://www.w3.org/TR/xhtml1/DTD/xhtml1-transitional.dtd">
<html xmlns="http://www.w3.org/1999/xhtml" xml:lang="en" lang="en">
 <head>
  <title>
</title>
<meta http-equiv="Content-Type" content="text/html;charset=utf-8" />
  <meta name='ocr-system' content='tesseract 3.04.00' />
  <meta name='ocr-capabilities' content='ocr_page ocr_carea ocr_par ocr_line ocrx_word'/>
</head>
<body>
  <div class='ocr_page' id='page_1' title='image "./povidiinasonisc00mlgoog_0055.png"; bbox 0 0 2375 3575; ppageno 0'>
   <div class='ocr_carea' id='block_1_1' title="bbox 488 499 689 534">
    <p class='ocr_par' dir='ltr' id='par_1_1' title="bbox 488 499 689 534">
     <span class='ocr_line' id='line_1_1' title="bbox 488 499 689 534; baseline 0.01 -2"><span class='ocrx_word' id='word_1_1' title='bbox 488 499 535 533; x_wconf 77' lang='lat' dir='ltr'>Alta</span> <span class='ocrx_word' id='word_1_2' title='bbox 550 500 689 534; x_wconf 65' lang='lat' dir='ltr'>altarem.</span> 
     </span>
    </p>
   </div>
   <div class='ocr_carea' id='block_1_2' title="bbox 158 627 1008 2991">
    <p class='ocr_par' dir='ltr' id='par_1_2' title="bbox 158 627 1008 2991">
     <span class='ocr_line' id='line_1_2' title="bbox 203 627 834 699; baseline 0.002 -17"><span class='ocrx_word' id='word_1_3' title='bbox 203 628 315 692; x_wconf 87' lang='lat' dir='ltr'>Ludite,</span> <span class='ocrx_word' id='word_1_4' title='bbox 334 628 382 683; x_wconf 86' lang='lat' dir='ltr'>sed</span> <span class='ocrx_word' id='word_1_5' title='bbox 400 627 473 683; x_wconf 86' lang='lat' dir='ltr'>furtu</span> <span class='ocrx_word' id='word_1_6' title='bbox 492 629 592 684; x_wconf 89' lang='lat' dir='ltr'>celetur</span> <span class='ocrx_word' id='word_1_7' title='bbox 610 630 691 699; x_wconf 89' lang='lat' dir='ltr'>culpa</span> <span class='ocrx_word' id='word_1_8' title='bbox 704 630 834 684; x_wconf 85' lang='lat' dir='ltr'>modesto.</span> 
     </span>
     <span class='ocr_line' id='line_1_3' title="bbox 158 714 780 784; baseline 0.005 -21"><span class='ocrx_word' id='word_1_9' title='bbox 158 730 190 766; x_wconf 80' lang='lat' dir='ltr'>sn</span> <span class='ocrx_word' id='word_1_10' title='bbox 240 714 334 769; x_wconf 81' lang='lat' dir='ltr'>Gloria</span> <span class='ocrx_word' id='word_1_11' title='bbox 351 714 456 782; x_wconf 89' lang='lat' dir='ltr'>peccati</span> <span class='ocrx_word' id='word_1_12' title='bbox 476 714 550 769; x_wconf 87' lang='lat' dir='ltr'>nulla</span> <span class='ocrx_word' id='word_1_13' title='bbox 567 715 685 784; x_wconf 86' lang='lat' dir='ltr'>petenda</span> <span class='ocrx_word' id='word_1_14' title='bbox 703 716 780 769; x_wconf 88' lang='lat' dir='ltr'>suist.</span> 
     </span>
     <span class='ocr_line' id='line_1_4' title="bbox 203 798 977 870; baseline 0.004 -17"><span class='ocrx_word' id='word_1_15' title='bbox 203 800 260 853; x_wconf 75' lang='lat' dir='ltr'>Nec</span> <span class='ocrx_word' id='word_1_16' title='bbox 279 798 385 853; x_wconf 87' lang='lat' dir='ltr'>dederis</span> <span class='ocrx_word' id='word_1_17' title='bbox 403 816 514 859; x_wconf 87' lang='lat' dir='ltr'>munus,</span> <span class='ocrx_word' id='word_1_18' title='bbox 533 816 668 869; x_wconf 81' lang='lat' dir='ltr'>cognosse</span> <span class='ocrx_word' id='word_1_19' title='bbox 686 800 759 870; x_wconf 87' lang='lat' dir='ltr'>quod</span> <span class='ocrx_word' id='word_1_20' title='bbox 779 800 864 855; x_wconf 87' lang='lat' dir='ltr'>altera</span> <span class='ocrx_word' id='word_1_21' title='bbox 881 802 977 870; x_wconf 86' lang='lat' dir='ltr'><strong>possit,</strong></span> 
     </span>
     <span class='ocr_line' id='line_1_5' title="bbox 239 884 849 955; baseline 0.002 -17"><span class='ocrx_word' id='word_1_22' title='bbox 239 884 295 938; x_wconf 76' lang='lat' dir='ltr'>Nec</span> <span class='ocrx_word' id='word_1_23' title='bbox 313 885 367 939; x_wconf 86' lang='lat' dir='ltr'>sint</span> <span class='ocrx_word' id='word_1_24' title='bbox 385 885 523 955; x_wconf 81' lang='lat' dir='ltr'>nequitiae</span> <span class='ocrx_word' id='word_1_25' title='bbox 540 890 664 955; x_wconf 89' lang='lat' dir='ltr'>tempora</span> <span class='ocrx_word' id='word_1_26' title='bbox 682 890 757 939; x_wconf 88' lang='lat' dir='ltr'>certa</span> <span class='ocrx_word' id='word_1_27' title='bbox 776 890 849 939; x_wconf 86' lang='lat' dir='ltr'>tuae.</span> 
     </span>
     <span class='ocr_line' id='line_1_6' title="bbox 206 970 861 1039; baseline 0.006 -17"><span class='ocrx_word' id='word_1_28' title='bbox 206 970 240 1022; x_wconf 69' lang='lat' dir='ltr'>lit</span> <span class='ocrx_word' id='word_1_29' title='bbox 260 986 293 1023; x_wconf 88' lang='lat' dir='ltr'>ne</span> <span class='ocrx_word' id='word_1_30' title='bbox 311 976 338 1023; x_wconf 89' lang='lat' dir='ltr'>te</span> <span class='ocrx_word' id='word_1_31' title='bbox 356 970 447 1039; x_wconf 86' lang='lat' dir='ltr'>capiat</span> <span class='ocrx_word' id='word_1_32' title='bbox 464 970 575 1025; x_wconf 88' lang='lat' dir='ltr'>latebris</span> <span class='ocrx_word' id='word_1_33' title='bbox 594 971 646 1026; x_wconf 87' lang='lat' dir='ltr'>sibi</span> <span class='ocrx_word' id='word_1_34' title='bbox 665 972 764 1026; x_wconf 80' lang='lat' dir='ltr'>semina</span> <span class='ocrx_word' id='word_1_35' title='bbox 783 972 861 1037; x_wconf 86' lang='lat' dir='ltr'>uotis,</span> 
     </span>
     <span class='ocr_line' id='line_1_7' title="bbox 239 1054 794 1112; baseline 0.005 -4"><span class='ocrx_word' id='word_1_36' title='bbox 239 1054 298 1108; x_wconf 89' lang='lat' dir='ltr'>Nou</span> <span class='ocrx_word' id='word_1_37' title='bbox 317 1061 399 1110; x_wconf 90' lang='lat' dir='ltr'>unost</span> <span class='ocrx_word' id='word_1_38' title='bbox 416 1057 504 1111; x_wconf 89' lang='lat' dir='ltr'>cmuis</span> <span class='ocrx_word' id='word_1_39' title='bbox 523 1058 709 1112; x_wconf 81' lang='lat' dir='ltr'>conuenieuda</span> <span class='ocrx_word' id='word_1_40' title='bbox 726 1057 794 1111; x_wconf 87' lang='lat' dir='ltr'>loen.</span> 
     </span>
     <span class='ocr_line' id='line_1_8' title="bbox 158 1140 916 1212; baseline -0.003 -13"><span class='ocrx_word' id='word_1_41' title='bbox 158 1161 190 1199; x_wconf 77' lang='lat' dir='ltr'>eru</span> <span class='ocrx_word' id='word_1_42' title='bbox 207 1140 242 1193; x_wconf 86' lang='lat' dir='ltr'>Et</span> <span class='ocrx_word' id='word_1_43' title='bbox 261 1141 387 1210; x_wconf 87' lang='lat' dir='ltr'>quotiens</span> <span class='ocrx_word' id='word_1_44' title='bbox 406 1142 520 1203; x_wconf 81' lang='lat' dir='ltr'>scribes,</span> <span class='ocrx_word' id='word_1_45' title='bbox 539 1147 612 1197; x_wconf 89' lang='lat' dir='ltr'>totas</span> <span class='ocrx_word' id='word_1_46' title='bbox 631 1143 705 1212; x_wconf 87' lang='lat' dir='ltr'>prius</span> <span class='ocrx_word' id='word_1_47' title='bbox 724 1142 783 1212; x_wconf 89' lang='lat' dir='ltr'>ipse</span> <span class='ocrx_word' id='word_1_48' title='bbox 800 1141 916 1197; x_wconf 88' lang='lat' dir='ltr'>tabellas</span> 
     </span>
     <span class='ocr_line' id='line_1_9' title="bbox 241 1226 975 1297; baseline 0.003 -19"><span class='ocrx_word' id='word_1_49' title='bbox 241 1226 359 1295; x_wconf 89' lang='lat' dir='ltr'>luspice,</span> <span class='ocrx_word' id='word_1_50' title='bbox 377 1226 439 1295; x_wconf 89' lang='lat' dir='ltr'>plns</span> <span class='ocrx_word' id='word_1_51' title='bbox 458 1227 570 1292; x_wconf 89' lang='lat' dir='ltr'>multae,</span> <span class='ocrx_word' id='word_1_52' title='bbox 590 1243 672 1297; x_wconf 89' lang='lat' dir='ltr'>quam</span> <span class='ocrx_word' id='word_1_53' title='bbox 690 1228 740 1282; x_wconf 90' lang='lat' dir='ltr'>sibi</span> <span class='ocrx_word' id='word_1_54' title='bbox 760 1228 854 1292; x_wconf 86' lang='lat' dir='ltr'>missa,</span> <span class='ocrx_word' id='word_1_55' title='bbox 874 1228 975 1295; x_wconf 82' lang='lat' dir='ltr'>legunt.</span> 
     </span>
     <span class='ocr_line' id='line_1_10' title="bbox 207 1311 1008 1383; baseline 0.002 -18"><span class='ocrx_word' id='word_1_56' title='bbox 207 1311 295 1365; x_wconf 85' lang='lat' dir='ltr'>Laesa</span> <span class='ocrx_word' id='word_1_57' title='bbox 313 1311 403 1366; x_wconf 82' lang='lat' dir='ltr'>Venus</span> <span class='ocrx_word' id='word_1_58' title='bbox 421 1312 494 1367; x_wconf 86' lang='lat' dir='ltr'>iusta</span> <span class='ocrx_word' id='word_1_59' title='bbox 512 1330 587 1367; x_wconf 87' lang='lat' dir='ltr'>arma</span> <span class='ocrx_word' id='word_1_60' title='bbox 607 1318 709 1375; x_wconf 90' lang='lat' dir='ltr'>mouet,</span> <span class='ocrx_word' id='word_1_61' title='bbox 727 1313 865 1383; x_wconf 90' lang='lat' dir='ltr'>telumque</span> <span class='ocrx_word' id='word_1_62' title='bbox 884 1313 1008 1375; x_wconf 78' lang='lat' dir='ltr'>remittit,</span> 
     </span>
     <span class='ocr_line' id='line_1_11' title="bbox 241 1396 922 1468; baseline 0.001 -18"><span class='ocrx_word' id='word_1_63' title='bbox 241 1396 275 1450; x_wconf 85' lang='lat' dir='ltr'>Et</span> <span class='ocrx_word' id='word_1_64' title='bbox 293 1397 373 1451; x_wconf 85' lang='lat' dir='ltr'>mode</span> <span class='ocrx_word' id='word_1_65' title='bbox 392 1398 465 1467; x_wconf 85' lang='lat' dir='ltr'>quud</span> <span class='ocrx_word' id='word_1_66' title='bbox 483 1402 621 1468; x_wconf 84' lang='lat' dir='ltr'>questast.</span> <span class='ocrx_word' id='word_1_67' title='bbox 637 1398 698 1468; x_wconf 84' lang='lat' dir='ltr'>ipse</span> <span class='ocrx_word' id='word_1_68' title='bbox 718 1414 831 1468; x_wconf 90' lang='lat' dir='ltr'>querare</span> <span class='ocrx_word' id='word_1_69' title='bbox 849 1398 922 1452; x_wconf 86' lang='lat' dir='ltr'>facit.</span> 
     </span>
     <span class='ocr_line' id='line_1_12' title="bbox 206 1481 831 1545; baseline 0.005 -11"><span class='ocrx_word' id='word_1_70' title='bbox 206 1483 277 1535; x_wconf 90' lang='lat' dir='ltr'>Dum</span> <span class='ocrx_word' id='word_1_71' title='bbox 295 1481 347 1535; x_wconf 86' lang='lat' dir='ltr'>fuit</span> <span class='ocrx_word' id='word_1_72' title='bbox 364 1483 473 1537; x_wconf 80' lang='lat' dir='ltr'>Atrides</span> <span class='ocrx_word' id='word_1_73' title='bbox 493 1501 547 1537; x_wconf 88' lang='lat' dir='ltr'>una</span> <span class='ocrx_word' id='word_1_74' title='bbox 564 1490 722 1545; x_wconf 90' lang='lat' dir='ltr'>contentus,</span> <span class='ocrx_word' id='word_1_75' title='bbox 742 1490 769 1538; x_wconf 93' lang='lat' dir='ltr'>et</span> <span class='ocrx_word' id='word_1_76' title='bbox 786 1484 831 1538; x_wconf 86' lang='lat' dir='ltr'>illa</span> 
     </span>
     <span class='ocr_line' id='line_1_13' title="bbox 159 1566 825 1638; baseline 0.005 -19"><span class='ocrx_word' id='word_1_77' title='bbox 159 1588 195 1624; x_wconf 85' lang='lat' dir='ltr'>run</span> <span class='ocrx_word' id='word_1_78' title='bbox 242 1566 327 1621; x_wconf 84' lang='lat' dir='ltr'>Casta</span> <span class='ocrx_word' id='word_1_79' title='bbox 344 1566 402 1621; x_wconf 85' lang='lat' dir='ltr'>fuit.</span> <span class='ocrx_word' id='word_1_80' title='bbox 422 1569 517 1623; x_wconf 88' lang='lat' dir='ltr'>nitiust</span> <span class='ocrx_word' id='word_1_81' title='bbox 534 1570 657 1638; x_wconf 86' lang='lat' dir='ltr'>improba</span> <span class='ocrx_word' id='word_1_82' title='bbox 675 1570 749 1623; x_wconf 88' lang='lat' dir='ltr'>facta</span> <span class='ocrx_word' id='word_1_83' title='bbox 766 1569 825 1623; x_wconf 90' lang='lat' dir='ltr'>uiri.</span> 
     </span>
     <span class='ocr_line' id='line_1_14' title="bbox 206 1651 923 1725; baseline 0.003 -20"><span class='ocrx_word' id='word_1_84' title='bbox 206 1652 339 1706; x_wconf 80' lang='lat' dir='ltr'>Audierat</span> <span class='ocrx_word' id='word_1_85' title='bbox 356 1651 516 1723; x_wconf 89' lang='lat' dir='ltr'>laurumque</span> <span class='ocrx_word' id='word_1_86' title='bbox 535 1671 616 1708; x_wconf 86' lang='lat' dir='ltr'>runnu</span> <span class='ocrx_word' id='word_1_87' title='bbox 635 1657 775 1725; x_wconf 88' lang='lat' dir='ltr'>uittasque</span> <span class='ocrx_word' id='word_1_88' title='bbox 793 1654 923 1709; x_wconf 87' lang='lat' dir='ltr'>ferentem</span> 
     </span>
     <span class='ocr_line' id='line_1_15' title="bbox 241 1737 818 1810; baseline 0.007 -20"><span class='ocrx_word' id='word_1_89' title='bbox 241 1737 294 1791; x_wconf 90' lang='lat' dir='ltr'>Prc</span> <span class='ocrx_word' id='word_1_90' title='bbox 313 1742 379 1792; x_wconf 84' lang='lat' dir='ltr'>unta</span> <span class='ocrx_word' id='word_1_91' title='bbox 397 1738 518 1810; x_wconf 82' lang='lat' dir='ltr'>Chrysen</span> <span class='ocrx_word' id='word_1_92' title='bbox 537 1756 590 1794; x_wconf 90' lang='lat' dir='ltr'>nun</span> <span class='ocrx_word' id='word_1_93' title='bbox 613 1740 731 1796; x_wconf 87' lang='lat' dir='ltr'>ualuisse</span> <span class='ocrx_word' id='word_1_94' title='bbox 751 1756 818 1801; x_wconf 61' lang='lat' dir='ltr'>sua„</span> 
     </span>
     <span class='ocr_line' id='line_1_16' title="bbox 208 1822 814 1895; baseline 0.008 -19"><span class='ocrx_word' id='word_1_95' title='bbox 208 1822 341 1877; x_wconf 81' lang='lat' dir='ltr'>Audierat</span> <span class='ocrx_word' id='word_1_96' title='bbox 358 1824 469 1895; x_wconf 85' lang='lat' dir='ltr'>Lyrnesi</span> <span class='ocrx_word' id='word_1_97' title='bbox 488 1830 551 1880; x_wconf 90' lang='lat' dir='ltr'>tuus</span> <span class='ocrx_word' id='word_1_98' title='bbox 570 1827 689 1881; x_wconf 87' lang='lat' dir='ltr'>abducta</span> <span class='ocrx_word' id='word_1_99' title='bbox 707 1826 814 1881; x_wconf 83' lang='lat' dir='ltr'>dolores</span> 
     </span>
     <span class='ocr_line' id='line_1_17' title="bbox 242 1908 858 1980; baseline 0.008 -19"><span class='ocrx_word' id='word_1_100' title='bbox 242 1908 371 1978; x_wconf 84' lang='lat' dir='ltr'>Bellaque</span> <span class='ocrx_word' id='word_1_101' title='bbox 390 1926 437 1980; x_wconf 89' lang='lat' dir='ltr'>per</span> <span class='ocrx_word' id='word_1_102' title='bbox 454 1912 543 1979; x_wconf 87' lang='lat' dir='ltr'>turpis</span> <span class='ocrx_word' id='word_1_103' title='bbox 561 1911 669 1979; x_wconf 84' lang='lat' dir='ltr'>longius</span> <span class='ocrx_word' id='word_1_104' title='bbox 686 1911 742 1966; x_wconf 88' lang='lat' dir='ltr'>isse</span> <span class='ocrx_word' id='word_1_105' title='bbox 760 1927 858 1966; x_wconf 87' lang='lat' dir='ltr'>moras.</span> 
     </span>
     <span class='ocr_line' id='line_1_18' title="bbox 160 1993 969 2067; baseline 0.005 -20"><span class='ocrx_word' id='word_1_106' title='bbox 160 2013 196 2051; x_wconf 75' lang='lat' dir='ltr'>rur</span> <span class='ocrx_word' id='word_1_107' title='bbox 210 1993 285 2048; x_wconf 91' lang='lat' dir='ltr'>llaec</span> <span class='ocrx_word' id='word_1_108' title='bbox 302 1999 392 2049; x_wconf 88' lang='lat' dir='ltr'>tamen</span> <span class='ocrx_word' id='word_1_109' title='bbox 411 1996 543 2050; x_wconf 87' lang='lat' dir='ltr'>andierat.</span> <span class='ocrx_word' id='word_1_110' title='bbox 579 1997 732 2051; x_wconf 88' lang='lat' dir='ltr'>Priameida</span> <span class='ocrx_word' id='word_1_111' title='bbox 750 1996 855 2051; x_wconf 87' lang='lat' dir='ltr'>uiderat</span> <span class='ocrx_word' id='word_1_112' title='bbox 873 1997 969 2067; x_wconf 88' lang='lat' dir='ltr'>ipsam.</span> 
     </span>
     <span class='ocr_line' id='line_1_19' title="bbox 244 2078 906 2152; baseline 0.006 -20"><span class='ocrx_word' id='word_1_113' title='bbox 244 2078 335 2133; x_wconf 86' lang='lat' dir='ltr'>Victor</span> <span class='ocrx_word' id='word_1_114' title='bbox 353 2085 411 2134; x_wconf 88' lang='lat' dir='ltr'>erat</span> <span class='ocrx_word' id='word_1_115' title='bbox 427 2082 546 2151; x_wconf 86' lang='lat' dir='ltr'>praedae</span> <span class='ocrx_word' id='word_1_116' title='bbox 564 2082 668 2151; x_wconf 90' lang='lat' dir='ltr'>praeda</span> <span class='ocrx_word' id='word_1_117' title='bbox 686 2082 814 2152; x_wconf 83' lang='lat' dir='ltr'>pudenda</span> <span class='ocrx_word' id='word_1_118' title='bbox 832 2098 906 2136; x_wconf 88' lang='lat' dir='ltr'>suae.</span> 
     </span>
     <span class='ocr_line' id='line_1_20' title="bbox 175 2151 903 2237; baseline 0.005 -21"><span class='ocrx_word' id='word_1_119' title='bbox 175 2151 178 2158; x_wconf 46' lang='lat'><strong>¹</strong></span> <span class='ocrx_word' id='word_1_120' title='bbox 209 2163 275 2217; x_wconf 89' lang='lat' dir='ltr'>lude</span> <span class='ocrx_word' id='word_1_121' title='bbox 293 2164 478 2236; x_wconf 85' lang='lat' dir='ltr'>Thyestiaden</span> <span class='ocrx_word' id='word_1_122' title='bbox 497 2168 588 2221; x_wconf 87' lang='lat' dir='ltr'>auimo</span> <span class='ocrx_word' id='word_1_123' title='bbox 607 2167 781 2237; x_wconf 85' lang='lat' dir='ltr'>thalamoque</span> <span class='ocrx_word' id='word_1_124' title='bbox 800 2168 903 2236; x_wconf 89' lang='lat' dir='ltr'>recepit</span> 
     </span>
     <span class='ocr_line' id='line_1_21' title="bbox 244 2249 886 2324; baseline 0.006 -22"><span class='ocrx_word' id='word_1_125' title='bbox 244 2249 279 2302; x_wconf 84' lang='lat' dir='ltr'>Et</span> <span class='ocrx_word' id='word_1_126' title='bbox 296 2250 366 2304; x_wconf 91' lang='lat' dir='ltr'>male</span> <span class='ocrx_word' id='word_1_127' title='bbox 383 2256 543 2320; x_wconf 84' lang='lat' dir='ltr'>peccantem</span> <span class='ocrx_word' id='word_1_128' title='bbox 561 2252 696 2324; x_wconf 87' lang='lat' dir='ltr'>Tyndaris</span> <span class='ocrx_word' id='word_1_129' title='bbox 715 2253 773 2307; x_wconf 91' lang='lat' dir='ltr'>ulta</span> <span class='ocrx_word' id='word_1_130' title='bbox 791 2253 886 2307; x_wconf 92' lang='lat' dir='ltr'>uirum.</span> 
     </span>
     <span class='ocr_line' id='line_1_22' title="bbox 210 2334 946 2408; baseline 0.004 -20"><span class='ocrx_word' id='word_1_131' title='bbox 210 2334 286 2401; x_wconf 88' lang='lat' dir='ltr'>Quae</span> <span class='ocrx_word' id='word_1_132' title='bbox 304 2335 373 2390; x_wconf 89' lang='lat' dir='ltr'>bene</span> <span class='ocrx_word' id='word_1_133' title='bbox 390 2336 499 2401; x_wconf 76' lang='lat' dir='ltr'>celatis,</span> <span class='ocrx_word' id='word_1_134' title='bbox 519 2339 599 2408; x_wconf 85' lang='lat' dir='ltr'>siqua</span> <span class='ocrx_word' id='word_1_135' title='bbox 616 2344 708 2392; x_wconf 85' lang='lat' dir='ltr'>tamen</span> <span class='ocrx_word' id='word_1_136' title='bbox 726 2343 788 2393; x_wconf 89' lang='lat' dir='ltr'>acta</span> <span class='ocrx_word' id='word_1_137' title='bbox 806 2338 946 2408; x_wconf 89' lang='lat' dir='ltr'>patebunt,</span> 
     </span>
     <span class='ocr_line' id='line_1_23' title="bbox 161 2419 890 2494; baseline 0.001 -20"><span class='ocrx_word' id='word_1_138' title='bbox 161 2439 196 2476; x_wconf 86' lang='lat' dir='ltr'>uu</span> <span class='ocrx_word' id='word_1_139' title='bbox 245 2419 304 2482; x_wconf 85' lang='lat' dir='ltr'>llla,</span> <span class='ocrx_word' id='word_1_140' title='bbox 323 2420 386 2476; x_wconf 88' lang='lat' dir='ltr'>licet</span> <span class='ocrx_word' id='word_1_141' title='bbox 404 2426 529 2492; x_wconf 89' lang='lat' dir='ltr'>pateant,</span> <span class='ocrx_word' id='word_1_142' title='bbox 548 2429 576 2477; x_wconf 94' lang='lat' dir='ltr'>tn</span> <span class='ocrx_word' id='word_1_143' title='bbox 597 2428 688 2478; x_wconf 88' lang='lat' dir='ltr'>tamen</span> <span class='ocrx_word' id='word_1_144' title='bbox 707 2440 794 2494; x_wconf 90' lang='lat' dir='ltr'>usque</span> <span class='ocrx_word' id='word_1_145' title='bbox 812 2440 890 2494; x_wconf 84' lang='lat' dir='ltr'>nega.</span> 
     </span>
     <span class='ocr_line' id='line_1_24' title="bbox 212 2504 940 2576; baseline 0.007 -19"><span class='ocrx_word' id='word_1_146' title='bbox 212 2504 279 2558; x_wconf 89' lang='lat' dir='ltr'>Tum</span> <span class='ocrx_word' id='word_1_147' title='bbox 299 2521 387 2576; x_wconf 92' lang='lat' dir='ltr'>neque</span> <span class='ocrx_word' id='word_1_148' title='bbox 405 2508 544 2564; x_wconf 90' lang='lat' dir='ltr'>subiectus</span> <span class='ocrx_word' id='word_1_149' title='bbox 563 2510 644 2564; x_wconf 89' lang='lat' dir='ltr'>sclito</span> <span class='ocrx_word' id='word_1_150' title='bbox 662 2525 713 2564; x_wconf 88' lang='lat' dir='ltr'>uec</span> <span class='ocrx_word' id='word_1_151' title='bbox 731 2510 854 2564; x_wconf 87' lang='lat' dir='ltr'>blandior</span> <span class='ocrx_word' id='word_1_152' title='bbox 873 2513 940 2563; x_wconf 89' lang='lat' dir='ltr'>esto.</span> 
     </span>
     <span class='ocr_line' id='line_1_25' title="bbox 244 2591 917 2663; baseline 0.004 -19"><span class='ocrx_word' id='word_1_153' title='bbox 244 2591 319 2645; x_wconf 90' lang='lat' dir='ltr'>Haec</span> <span class='ocrx_word' id='word_1_154' title='bbox 338 2593 419 2646; x_wconf 92' lang='lat' dir='ltr'>animi</span> <span class='ocrx_word' id='word_1_155' title='bbox 439 2594 551 2649; x_wconf 93' lang='lat' dir='ltr'>multum</span> <span class='ocrx_word' id='word_1_156' title='bbox 570 2595 649 2663; x_wconf 82' lang='lat' dir='ltr'>signa</span> <span class='ocrx_word' id='word_1_157' title='bbox 668 2596 789 2650; x_wconf 86' lang='lat' dir='ltr'>nocentis</span> <span class='ocrx_word' id='word_1_158' title='bbox 807 2595 917 2649; x_wconf 91' lang='lat' dir='ltr'>habent.</span> 
     </span>
     <span class='ocr_line' id='line_1_26' title="bbox 211 2674 880 2749; baseline 0.007 -20"><span class='ocrx_word' id='word_1_159' title='bbox 211 2674 265 2729; x_wconf 84' lang='lat' dir='ltr'>Sed</span> <span class='ocrx_word' id='word_1_160' title='bbox 283 2677 360 2731; x_wconf 88' lang='lat' dir='ltr'>lateri</span> <span class='ocrx_word' id='word_1_161' title='bbox 379 2695 412 2733; x_wconf 90' lang='lat' dir='ltr'>ne</span> <span class='ocrx_word' id='word_1_162' title='bbox 430 2696 511 2749; x_wconf 88' lang='lat' dir='ltr'>parce</span> <span class='ocrx_word' id='word_1_163' title='bbox 529 2686 584 2734; x_wconf 84' lang='lat' dir='ltr'>tun.</span> <span class='ocrx_word' id='word_1_164' title='bbox 603 2697 657 2749; x_wconf 84' lang='lat' dir='ltr'>pax</span> <span class='ocrx_word' id='word_1_165' title='bbox 675 2680 762 2736; x_wconf 89' lang='lat' dir='ltr'>omnis</span> <span class='ocrx_word' id='word_1_166' title='bbox 781 2681 807 2734; x_wconf 91' lang='lat' dir='ltr'>iu</span> <span class='ocrx_word' id='word_1_167' title='bbox 827 2696 880 2734; x_wconf 90' lang='lat' dir='ltr'>uno</span> 
     </span>
     <span class='ocr_line' id='line_1_27' title="bbox 245 2762 828 2833; baseline 0 -18"><span class='ocrx_word' id='word_1_168' title='bbox 245 2762 406 2818; x_wconf 82' lang='lat' dir='ltr'>Concubitu.</span> <span class='ocrx_word' id='word_1_169' title='bbox 425 2764 498 2833; x_wconf 84' lang='lat' dir='ltr'>prior</span> <span class='ocrx_word' id='word_1_170' title='bbox 516 2769 559 2820; x_wconf 89' lang='lat' dir='ltr'>est</span> <span class='ocrx_word' id='word_1_171' title='bbox 576 2765 717 2820; x_wconf 88' lang='lat' dir='ltr'>infitianda</span> <span class='ocrx_word' id='word_1_172' title='bbox 736 2782 828 2820; x_wconf 87' lang='lat' dir='ltr'>uenus.</span> 
     </span>
     <span class='ocr_line' id='line_1_28' title="bbox 163 2846 942 2920; baseline 0.005 -20"><span class='ocrx_word' id='word_1_173' title='bbox 163 2864 198 2902; x_wconf 76' lang='lat' dir='ltr'>us</span> <span class='ocrx_word' id='word_1_174' title='bbox 212 2846 293 2913; x_wconf 81' lang='lat' dir='ltr'>Sunt,</span> <span class='ocrx_word' id='word_1_175' title='bbox 313 2848 359 2920; x_wconf 94' lang='lat' dir='ltr'>qni</span> <span class='ocrx_word' id='word_1_176' title='bbox 377 2850 547 2920; x_wconf 85' lang='lat' dir='ltr'>praecipiant</span> <span class='ocrx_word' id='word_1_177' title='bbox 565 2851 663 2905; x_wconf 87' lang='lat' dir='ltr'>herbas</span> <span class='ocrx_word' id='word_1_178' title='bbox 682 2851 800 2904; x_wconf 85' lang='lat' dir='ltr'>satureia</span> <span class='ocrx_word' id='word_1_179' title='bbox 819 2849 942 2904; x_wconf 86' lang='lat' dir='ltr'>noceut&#39;s</span> 
     </span>
     <span class='ocr_line' id='line_1_29' title="bbox 247 2935 782 2991; baseline 0.002 -3"><span class='ocrx_word' id='word_1_180' title='bbox 247 2936 366 2990; x_wconf 84' lang='lat' dir='ltr'>Sumere.</span> <span class='ocrx_word' id='word_1_181' title='bbox 385 2935 492 2991; x_wconf 89' lang='lat' dir='ltr'>iudiciis</span> <span class='ocrx_word' id='word_1_182' title='bbox 510 2936 564 2990; x_wconf 90' lang='lat' dir='ltr'>ista</span> <span class='ocrx_word' id='word_1_183' title='bbox 582 2952 688 2990; x_wconf 89' lang='lat' dir='ltr'>uenena</span> <span class='ocrx_word' id='word_1_184' title='bbox 706 2936 782 2990; x_wconf 88' lang='lat' dir='ltr'>meis.</span> 
     </span>
    </p>
   </div>
   <div class='ocr_carea' id='block_1_3' title="bbox 0 0 1200 3575">
    <p class='ocr_par' dir='ltr' id='par_1_3' title="bbox 0 0 1200 3575">
     <span class='ocr_line' id='line_1_30' title="bbox 0 0 1200 3575; baseline 0 0"><span class='ocrx_word' id='word_1_185' title='bbox 0 0 1200 3575; x_wconf 95' lang='lat' dir='ltr'> </span> 
     </span>
    </p>
   </div>
  </div>
 </body>
</html>
