<?xml version="1.0" encoding="UTF-8"?>
<!DOCTYPE html PUBLIC "-//W3C//DTD XHTML 1.0 Transitional//EN"
    "http://www.w3.org/TR/xhtml1/DTD/xhtml1-transitional.dtd">
<html xmlns="http://www.w3.org/1999/xhtml" xml:lang="en" lang="en">
 <head>
  <title>
</title>
<meta http-equiv="Content-Type" content="text/html;charset=utf-8" />
  <meta name='ocr-system' content='tesseract 3.04.00' />
  <meta name='ocr-capabilities' content='ocr_page ocr_carea ocr_par ocr_line ocrx_word'/>
</head>
<body>
  <div class='ocr_page' id='page_1' title='image "./povidiinasonisc00mlgoog_0182.png"; bbox 0 0 2375 3575; ppageno 0'>
   <div class='ocr_carea' id='block_1_1' title="bbox 228 456 663 513">
    <p class='ocr_par' dir='ltr' id='par_1_1' title="bbox 228 456 663 513">
     <span class='ocr_line' id='line_1_1' title="bbox 228 456 663 513; baseline 0.011 -6"><span class='ocrx_word' id='word_1_1' title='bbox 228 456 276 508; x_wconf 81' lang='lat'>174</span> <span class='ocrx_word' id='word_1_2' title='bbox 554 478 663 513; x_wconf 71' lang='lat' dir='ltr'>anonas.</span> 
     </span>
    </p>
   </div>
   <div class='ocr_carea' id='block_1_2' title="bbox 187 607 969 1786">
    <p class='ocr_par' dir='ltr' id='par_1_2' title="bbox 187 607 969 1786">
     <span class='ocr_line' id='line_1_2' title="bbox 225 607 856 678; baseline -0.005 -15"><span class='ocrx_word' id='word_1_3' title='bbox 225 612 262 663; x_wconf 77' lang='lat' dir='ltr'>At</span> <span class='ocrx_word' id='word_1_4' title='bbox 280 609 390 674; x_wconf 90' lang='lat' dir='ltr'>sinete,</span> <span class='ocrx_word' id='word_1_5' title='bbox 410 608 535 678; x_wconf 90' lang='lat' dir='ltr'>quamuis</span> <span class='ocrx_word' id='word_1_6' title='bbox 553 607 662 677; x_wconf 83' lang='lat' dir='ltr'>operosi</span> <span class='ocrx_word' id='word_1_7' title='bbox 680 607 781 663; x_wconf 87' lang='lat' dir='ltr'>uitibus</span> <span class='ocrx_word' id='word_1_8' title='bbox 799 607 856 675; x_wconf 85' lang='lat' dir='ltr'>agri</span> 
     </span>
     <span class='ocr_line' id='line_1_3' title="bbox 259 693 941 764; baseline -0.003 -16"><span class='ocrx_word' id='word_1_9' title='bbox 259 694 301 748; x_wconf 87' lang='lat' dir='ltr'>lle</span> <span class='ocrx_word' id='word_1_10' title='bbox 319 698 439 759; x_wconf 73' lang='lat' dir='ltr'>teneant</span> <span class='ocrx_word' id='word_1_11' title='bbox 459 694 586 764; x_wconf 85' lang='lat' dir='ltr'>quamuis</span> <span class='ocrx_word' id='word_1_12' title='bbox 604 693 730 747; x_wconf 87' lang='lat' dir='ltr'>amnibus</span> <span class='ocrx_word' id='word_1_13' title='bbox 749 709 816 747; x_wconf 89' lang='lat' dir='ltr'>arua</span> <span class='ocrx_word' id='word_1_14' title='bbox 834 695 941 758; x_wconf 86' lang='lat' dir='ltr'>natent,</span> 
     </span>
     <span class='ocr_line' id='line_1_4' title="bbox 188 778 930 842; baseline 0.003 -13"><span class='ocrx_word' id='word_1_15' title='bbox 188 791 213 830; x_wconf 76' lang='lat' dir='ltr'>as</span> <span class='ocrx_word' id='word_1_16' title='bbox 227 780 262 834; x_wconf 84' lang='lat' dir='ltr'>Et</span> <span class='ocrx_word' id='word_1_17' title='bbox 280 783 360 833; x_wconf 90' lang='lat' dir='ltr'>uocet</span> <span class='ocrx_word' id='word_1_18' title='bbox 376 779 405 833; x_wconf 91' lang='lat' dir='ltr'>in</span> <span class='ocrx_word' id='word_1_19' title='bbox 422 780 497 833; x_wconf 89' lang='lat' dir='ltr'>riuos</span> <span class='ocrx_word' id='word_1_20' title='bbox 514 781 666 833; x_wconf 88' lang='lat' dir='ltr'>currentem</span> <span class='ocrx_word' id='word_1_21' title='bbox 683 778 803 833; x_wconf 90' lang='lat' dir='ltr'>rusticus</span> <span class='ocrx_word' id='word_1_22' title='bbox 822 778 930 842; x_wconf 90' lang='lat' dir='ltr'>undam,</span> 
     </span>
     <span class='ocr_line' id='line_1_5' title="bbox 213 863 908 934; baseline -0.003 -15"><span class='ocrx_word' id='word_1_23' title='bbox 213 884 215 887; x_wconf 68' lang='grc'>’</span> <span class='ocrx_word' id='word_1_24' title='bbox 261 863 424 934; x_wconf 81' lang='lat' dir='ltr'>Frigidaque</span> <span class='ocrx_word' id='word_1_25' title='bbox 441 864 569 919; x_wconf 85' lang='lat' dir='ltr'>arboreas</span> <span class='ocrx_word' id='word_1_26' title='bbox 587 863 706 917; x_wconf 90' lang='lat' dir='ltr'>mulceat</span> <span class='ocrx_word' id='word_1_27' title='bbox 724 879 791 917; x_wconf 89' lang='lat' dir='ltr'>aura</span> <span class='ocrx_word' id='word_1_28' title='bbox 808 878 908 928; x_wconf 86' lang='lat' dir='ltr'>comas,</span> 
     </span>
     <span class='ocr_line' id='line_1_6' title="bbox 226 947 942 1018; baseline 0 -15"><span class='ocrx_word' id='word_1_29' title='bbox 226 949 284 1003; x_wconf 90' lang='lat' dir='ltr'>Non</span> <span class='ocrx_word' id='word_1_30' title='bbox 303 965 355 1017; x_wconf 83' lang='lat' dir='ltr'>ego</span> <span class='ocrx_word' id='word_1_31' title='bbox 372 948 517 1018; x_wconf 89' lang='lat' dir='ltr'>Paelignos</span> <span class='ocrx_word' id='word_1_32' title='bbox 536 948 631 1002; x_wconf 89' lang='lat' dir='ltr'>uideor</span> <span class='ocrx_word' id='word_1_33' title='bbox 650 947 788 1003; x_wconf 87' lang='lat' dir='ltr'>celebrare</span> <span class='ocrx_word' id='word_1_34' title='bbox 806 947 942 1013; x_wconf 82' lang='lat' dir='ltr'>salubres,</span> 
     </span>
     <span class='ocr_line' id='line_1_7' title="bbox 260 1032 884 1103; baseline -0.003 -15"><span class='ocrx_word' id='word_1_35' title='bbox 260 1033 319 1088; x_wconf 88' lang='lat' dir='ltr'>Nou</span> <span class='ocrx_word' id='word_1_36' title='bbox 337 1049 388 1102; x_wconf 84' lang='lat' dir='ltr'>ego</span> <span class='ocrx_word' id='word_1_37' title='bbox 406 1034 537 1098; x_wconf 88' lang='lat' dir='ltr'>natalem,</span> <span class='ocrx_word' id='word_1_38' title='bbox 556 1049 619 1087; x_wconf 91' lang='lat' dir='ltr'>rura</span> <span class='ocrx_word' id='word_1_39' title='bbox 636 1037 764 1103; x_wconf 88' lang='lat' dir='ltr'>paterna,</span> <span class='ocrx_word' id='word_1_40' title='bbox 782 1032 884 1098; x_wconf 90' lang='lat' dir='ltr'>locum,</span> 
     </span>
     <span class='ocr_line' id='line_1_8' title="bbox 227 1113 969 1190; baseline -0.003 -17"><span class='ocrx_word' id='word_1_41' title='bbox 227 1120 282 1174; x_wconf 86' lang='lat' dir='ltr'>Sed</span> <span class='ocrx_word' id='word_1_42' title='bbox 299 1119 437 1190; x_wconf 78' lang='lat' dir='ltr'>Scythiam</span> <span class='ocrx_word' id='word_1_43' title='bbox 456 1118 608 1188; x_wconf 80' lang='lat' dir='ltr'>Cilicasque</span> <span class='ocrx_word' id='word_1_44' title='bbox 626 1117 699 1173; x_wconf 82' lang='lat' dir='ltr'>leros</span> <span class='ocrx_word' id='word_1_45' title='bbox 718 1113 874 1188; x_wconf 87' lang='lat' dir='ltr'>uiridesque</span> <span class='ocrx_word' id='word_1_46' title='bbox 893 1117 969 1172; x_wconf 80' lang='lat' dir='ltr'>Britar</span> 
     </span>
     <span class='ocr_line' id='line_1_9' title="bbox 187 1204 891 1275; baseline 0.001 -19"><span class='ocrx_word' id='word_1_47' title='bbox 187 1216 213 1256; x_wconf 81' lang='lat'>40</span> <span class='ocrx_word' id='word_1_48' title='bbox 261 1205 391 1275; x_wconf 81' lang='lat' dir='ltr'>Quaeque</span> <span class='ocrx_word' id='word_1_49' title='bbox 409 1204 570 1258; x_wconf 88' lang='lat' dir='ltr'>Prometheo</span> <span class='ocrx_word' id='word_1_50' title='bbox 588 1220 656 1258; x_wconf 80' lang='lat' dir='ltr'>saxa</span> <span class='ocrx_word' id='word_1_51' title='bbox 674 1220 768 1258; x_wconf 86' lang='lat' dir='ltr'>cruore</span> <span class='ocrx_word' id='word_1_52' title='bbox 785 1204 891 1257; x_wconf 88' lang='lat' dir='ltr'>rubent.</span> 
     </span>
     <span class='ocr_line' id='line_1_10' title="bbox 229 1287 926 1355; baseline -0.001 -12"><span class='ocrx_word' id='word_1_53' title='bbox 229 1290 320 1344; x_wconf 86' lang='lat' dir='ltr'>Vlmus</span> <span class='ocrx_word' id='word_1_54' title='bbox 338 1294 412 1344; x_wconf 88' lang='lat' dir='ltr'>amat</span> <span class='ocrx_word' id='word_1_55' title='bbox 430 1290 522 1355; x_wconf 90' lang='lat' dir='ltr'>uitem,</span> <span class='ocrx_word' id='word_1_56' title='bbox 540 1287 604 1343; x_wconf 90' lang='lat' dir='ltr'>uitis</span> <span class='ocrx_word' id='word_1_57' title='bbox 623 1305 678 1342; x_wconf 90' lang='lat' dir='ltr'>nou</span> <span class='ocrx_word' id='word_1_58' title='bbox 696 1289 797 1343; x_wconf 88' lang='lat' dir='ltr'>deserit</span> <span class='ocrx_word' id='word_1_59' title='bbox 814 1289 926 1343; x_wconf 91' lang='lat' dir='ltr'>ulmum.</span> 
     </span>
     <span class='ocr_line' id='line_1_11' title="bbox 262 1374 874 1445; baseline -0.005 -14"><span class='ocrx_word' id='word_1_60' title='bbox 262 1376 380 1445; x_wconf 90' lang='lat' dir='ltr'>Separor</span> <span class='ocrx_word' id='word_1_61' title='bbox 397 1392 414 1429; x_wconf 90' lang='lat' dir='ltr'>a</span> <span class='ocrx_word' id='word_1_62' title='bbox 432 1375 542 1429; x_wconf 90' lang='lat' dir='ltr'>domina</span> <span class='ocrx_word' id='word_1_63' title='bbox 559 1389 607 1429; x_wconf 90' lang='lat' dir='ltr'>eur</span> <span class='ocrx_word' id='word_1_64' title='bbox 625 1389 676 1442; x_wconf 87' lang='lat' dir='ltr'>ego</span> <span class='ocrx_word' id='word_1_65' title='bbox 695 1389 778 1443; x_wconf 88' lang='lat' dir='ltr'>saepe</span> <span class='ocrx_word' id='word_1_66' title='bbox 796 1374 874 1428; x_wconf 80' lang='lat' dir='ltr'>mea?</span> 
     </span>
     <span class='ocr_line' id='line_1_12' title="bbox 227 1457 900 1530; baseline -0.001 -16"><span class='ocrx_word' id='word_1_67' title='bbox 227 1463 263 1515; x_wconf 84' lang='lat' dir='ltr'>At</span> <span class='ocrx_word' id='word_1_68' title='bbox 281 1461 346 1514; x_wconf 86' lang='lat' dir='ltr'>mihi</span> <span class='ocrx_word' id='word_1_69' title='bbox 362 1464 390 1515; x_wconf 91' lang='lat' dir='ltr'>te</span> <span class='ocrx_word' id='word_1_70' title='bbox 408 1459 534 1514; x_wconf 87' lang='lat' dir='ltr'>comitem</span> <span class='ocrx_word' id='word_1_71' title='bbox 552 1460 657 1513; x_wconf 90' lang='lat' dir='ltr'>iuraras</span> <span class='ocrx_word' id='word_1_72' title='bbox 675 1474 763 1530; x_wconf 88' lang='lat' dir='ltr'>usque</span> <span class='ocrx_word' id='word_1_73' title='bbox 780 1457 900 1513; x_wconf 86' lang='lat' dir='ltr'>futuram</span> 
     </span>
     <span class='ocr_line' id='line_1_13' title="bbox 261 1544 931 1615; baseline -0.001 -15"><span class='ocrx_word' id='word_1_74' title='bbox 261 1546 312 1600; x_wconf 90' lang='lat' dir='ltr'>Per</span> <span class='ocrx_word' id='word_1_75' title='bbox 329 1561 373 1599; x_wconf 88' lang='lat' dir='ltr'>mc</span> <span class='ocrx_word' id='word_1_76' title='bbox 390 1560 493 1615; x_wconf 89' lang='lat' dir='ltr'>perque</span> <span class='ocrx_word' id='word_1_77' title='bbox 511 1544 613 1609; x_wconf 89' lang='lat' dir='ltr'>oculos,</span> <span class='ocrx_word' id='word_1_78' title='bbox 632 1544 722 1599; x_wconf 87' lang='lat' dir='ltr'>sidera</span> <span class='ocrx_word' id='word_1_79' title='bbox 739 1547 841 1608; x_wconf 88' lang='lat' dir='ltr'>nostra,</span> <span class='ocrx_word' id='word_1_80' title='bbox 859 1547 931 1599; x_wconf 82' lang='lat' dir='ltr'>tuos.</span> 
     </span>
     <span class='ocr_line' id='line_1_14' title="bbox 187 1628 823 1700; baseline 0 -16"><span class='ocrx_word' id='word_1_81' title='bbox 187 1640 213 1678; x_wconf 75' lang='lat'>4⁵</span> <span class='ocrx_word' id='word_1_82' title='bbox 227 1632 315 1686; x_wconf 87' lang='lat' dir='ltr'>Verba</span> <span class='ocrx_word' id='word_1_83' title='bbox 332 1630 482 1700; x_wconf 85' lang='lat' dir='ltr'>puellarum</span> <span class='ocrx_word' id='word_1_84' title='bbox 499 1629 571 1684; x_wconf 83' lang='lat' dir='ltr'>foliis</span> <span class='ocrx_word' id='word_1_85' title='bbox 589 1629 694 1683; x_wconf 91' lang='lat' dir='ltr'>leuiora</span> <span class='ocrx_word' id='word_1_86' title='bbox 712 1628 823 1684; x_wconf 90' lang='lat' dir='ltr'>caducis</span> 
     </span>
     <span class='ocr_line' id='line_1_15' title="bbox 261 1714 943 1786; baseline 0 -16"><span class='ocrx_word' id='word_1_87' title='bbox 261 1716 352 1782; x_wconf 73' lang='lat' dir='ltr'>Inrita,</span> <span class='ocrx_word' id='word_1_88' title='bbox 372 1732 427 1786; x_wconf 92' lang='lat' dir='ltr'>qua</span> <span class='ocrx_word' id='word_1_89' title='bbox 445 1715 569 1781; x_wconf 81' lang='lat' dir='ltr'>uisnmst,</span> <span class='ocrx_word' id='word_1_90' title='bbox 587 1718 688 1770; x_wconf 87' lang='lat' dir='ltr'>uentus</span> <span class='ocrx_word' id='word_1_91' title='bbox 706 1717 734 1768; x_wconf 91' lang='lat' dir='ltr'>et</span> <span class='ocrx_word' id='word_1_92' title='bbox 751 1714 826 1768; x_wconf 92' lang='lat' dir='ltr'>unda</span> <span class='ocrx_word' id='word_1_93' title='bbox 843 1714 943 1770; x_wconf 87' lang='lat' dir='ltr'>ferunt.</span> 
     </span>
    </p>
   </div>
   <div class='ocr_carea' id='block_1_3' title="bbox 191 1799 969 2283">
    <p class='ocr_par' dir='ltr' id='par_1_3' title="bbox 191 1799 969 2283">
     <span class='ocr_line' id='line_1_16' title="bbox 228 1799 945 1873; baseline -0.006 -15"><span class='ocrx_word' id='word_1_94' title='bbox 228 1803 313 1873; x_wconf 83' lang='lat' dir='ltr'>Siqua</span> <span class='ocrx_word' id='word_1_95' title='bbox 332 1801 383 1856; x_wconf 92' lang='lat' dir='ltr'>mei</span> <span class='ocrx_word' id='word_1_96' title='bbox 400 1805 491 1855; x_wconf 90' lang='lat' dir='ltr'>tamen</span> <span class='ocrx_word' id='word_1_97' title='bbox 510 1805 554 1856; x_wconf 87' lang='lat' dir='ltr'>est</span> <span class='ocrx_word' id='word_1_98' title='bbox 571 1800 645 1855; x_wconf 87' lang='lat' dir='ltr'>inte</span> <span class='ocrx_word' id='word_1_99' title='bbox 662 1801 709 1870; x_wconf 90' lang='lat' dir='ltr'>pia</span> <span class='ocrx_word' id='word_1_100' title='bbox 727 1816 791 1854; x_wconf 87' lang='lat' dir='ltr'>cura</span> <span class='ocrx_word' id='word_1_101' title='bbox 809 1799 910 1868; x_wconf 80' lang='lat' dir='ltr'>relicti,</span> <span class='ocrx_word' id='word_1_102' title='bbox 942 1810 945 1814; x_wconf 84' lang='lat'>&#39;</span> 
     </span>
     <span class='ocr_line' id='line_1_17' title="bbox 261 1885 793 1957; baseline 0 -17"><span class='ocrx_word' id='word_1_103' title='bbox 261 1888 352 1957; x_wconf 87' lang='lat' dir='ltr'>Incipe</span> <span class='ocrx_word' id='word_1_104' title='bbox 369 1887 498 1956; x_wconf 82' lang='lat' dir='ltr'>pollicitis</span> <span class='ocrx_word' id='word_1_105' title='bbox 516 1886 617 1941; x_wconf 88' lang='lat' dir='ltr'>addere</span> <span class='ocrx_word' id='word_1_106' title='bbox 635 1885 710 1940; x_wconf 86' lang='lat' dir='ltr'>facta</span> <span class='ocrx_word' id='word_1_107' title='bbox 726 1885 793 1951; x_wconf 86' lang='lat' dir='ltr'>tuis,</span> 
     </span>
     <span class='ocr_line' id='line_1_18' title="bbox 227 1970 969 2042; baseline -0.001 -15"><span class='ocrx_word' id='word_1_108' title='bbox 227 1974 371 2042; x_wconf 84' lang='lat' dir='ltr'>Paruaque</span> <span class='ocrx_word' id='word_1_109' title='bbox 389 1972 587 2042; x_wconf 80' lang='lat' dir='ltr'>quamprimum</span> <span class='ocrx_word' id='word_1_110' title='bbox 605 1971 773 2041; x_wconf 85' lang='lat' dir='ltr'>rapientibus</span> <span class='ocrx_word' id='word_1_111' title='bbox 792 1970 892 2026; x_wconf 87' lang='lat' dir='ltr'>esseda</span> <span class='ocrx_word' id='word_1_112' title='bbox 909 1989 969 2026; x_wconf 86' lang='lat' dir='ltr'>man</span> 
     </span>
     <span class='ocr_line' id='line_1_19' title="bbox 191 2055 858 2132; baseline -0.003 -20"><span class='ocrx_word' id='word_1_113' title='bbox 191 2067 215 2105; x_wconf 78' lang='lat'>50</span> <span class='ocrx_word' id='word_1_114' title='bbox 261 2058 327 2127; x_wconf 90' lang='lat' dir='ltr'>Ipsa</span> <span class='ocrx_word' id='word_1_115' title='bbox 344 2073 393 2127; x_wconf 93' lang='lat' dir='ltr'>per</span> <span class='ocrx_word' id='word_1_116' title='bbox 410 2058 545 2132; x_wconf 88' lang='lat' dir='ltr'>admissas</span> <span class='ocrx_word' id='word_1_117' title='bbox 564 2059 679 2110; x_wconf 89' lang='lat' dir='ltr'>concute</span> <span class='ocrx_word' id='word_1_118' title='bbox 696 2055 754 2110; x_wconf 90' lang='lat' dir='ltr'>lora</span> <span class='ocrx_word' id='word_1_119' title='bbox 771 2056 858 2111; x_wconf 87' lang='lat' dir='ltr'>iubas.</span> 
     </span>
     <span class='ocr_line' id='line_1_20' title="bbox 228 2141 926 2214; baseline 0.001 -17"><span class='ocrx_word' id='word_1_120' title='bbox 228 2146 264 2198; x_wconf 82' lang='lat' dir='ltr'>At</span> <span class='ocrx_word' id='word_1_121' title='bbox 281 2160 339 2209; x_wconf 85' lang='lat' dir='ltr'>uos,</span> <span class='ocrx_word' id='word_1_122' title='bbox 359 2159 413 2214; x_wconf 92' lang='lat' dir='ltr'>qua</span> <span class='ocrx_word' id='word_1_123' title='bbox 431 2143 528 2207; x_wconf 72' lang='lat' dir='ltr'>ueniet,</span> <span class='ocrx_word' id='word_1_124' title='bbox 547 2141 644 2195; x_wconf 86' lang='lat' dir='ltr'>tumidi</span> <span class='ocrx_word' id='word_1_125' title='bbox 662 2141 793 2196; x_wconf 86' lang='lat' dir='ltr'>subsidite</span> <span class='ocrx_word' id='word_1_126' title='bbox 812 2146 926 2209; x_wconf 87' lang='lat' dir='ltr'>montes,</span> 
     </span>
     <span class='ocr_line' id='line_1_21' title="bbox 261 2227 815 2283; baseline -0.005 0"><span class='ocrx_word' id='word_1_127' title='bbox 261 2229 297 2283; x_wconf 84' lang='lat' dir='ltr'>Et</span> <span class='ocrx_word' id='word_1_128' title='bbox 313 2229 407 2283; x_wconf 86' lang='lat' dir='ltr'>faciles</span> <span class='ocrx_word' id='word_1_129' title='bbox 426 2228 515 2283; x_wconf 89' lang='lat' dir='ltr'>curuis</span> <span class='ocrx_word' id='word_1_130' title='bbox 534 2227 651 2282; x_wconf 88' lang='lat' dir='ltr'>uallibus</span> <span class='ocrx_word' id='word_1_131' title='bbox 670 2230 727 2281; x_wconf 90' lang='lat' dir='ltr'>este</span> <span class='ocrx_word' id='word_1_132' title='bbox 745 2227 815 2281; x_wconf 88' lang='lat' dir='ltr'>uiae.</span> 
     </span>
    </p>
   </div>
   <div class='ocr_carea' id='block_1_4' title="bbox 560 2451 664 2516">
    <p class='ocr_par' dir='ltr' id='par_1_4' title="bbox 560 2451 664 2516">
     <span class='ocr_line' id='line_1_22' title="bbox 560 2451 664 2516; baseline -0.01 -1"><span class='ocrx_word' id='word_1_133' title='bbox 560 2451 664 2516; x_wconf 88' lang='lat' dir='ltr'><strong>XVII.</strong></span> 
     </span>
    </p>
   </div>
   <div class='ocr_carea' id='block_1_5' title="bbox 202 2568 969 3070">
    <p class='ocr_par' dir='ltr' id='par_1_5' title="bbox 202 2568 969 3070">
     <span class='ocr_line' id='line_1_23' title="bbox 228 2568 908 2640; baseline 0 -18"><span class='ocrx_word' id='word_1_134' title='bbox 228 2569 319 2639; x_wconf 85' lang='lat' dir='ltr'>Siquis</span> <span class='ocrx_word' id='word_1_135' title='bbox 339 2570 395 2634; x_wconf 79' lang='lat' dir='ltr'>erit</span> <span class='ocrx_word' id='word_1_136' title='bbox 415 2569 460 2640; x_wconf 92' lang='lat' dir='ltr'>qui</span> <span class='ocrx_word' id='word_1_137' title='bbox 479 2573 559 2638; x_wconf 91' lang='lat' dir='ltr'>turpe</span> <span class='ocrx_word' id='word_1_138' title='bbox 577 2574 657 2639; x_wconf 88' lang='lat' dir='ltr'>putet</span> <span class='ocrx_word' id='word_1_139' title='bbox 674 2569 775 2624; x_wconf 89' lang='lat' dir='ltr'>seruire</span> <span class='ocrx_word' id='word_1_140' title='bbox 793 2568 908 2639; x_wconf 87' lang='lat' dir='ltr'>puellae,</span> 
     </span>
     <span class='ocr_line' id='line_1_24' title="bbox 262 2655 763 2726; baseline 0.002 -18"><span class='ocrx_word' id='word_1_141' title='bbox 262 2655 310 2708; x_wconf 93' lang='lat' dir='ltr'>lllo</span> <span class='ocrx_word' id='word_1_142' title='bbox 329 2656 475 2710; x_wconf 88' lang='lat' dir='ltr'>conuincar</span> <span class='ocrx_word' id='word_1_143' title='bbox 492 2655 581 2710; x_wconf 91' lang='lat' dir='ltr'>iudice</span> <span class='ocrx_word' id='word_1_144' title='bbox 598 2656 687 2726; x_wconf 86' lang='lat' dir='ltr'>turpis</span> <span class='ocrx_word' id='word_1_145' title='bbox 705 2671 763 2724; x_wconf 88' lang='lat' dir='ltr'>ego.</span> 
     </span>
     <span class='ocr_line' id='line_1_25' title="bbox 228 2739 908 2805; baseline 0.001 -13"><span class='ocrx_word' id='word_1_146' title='bbox 228 2739 283 2792; x_wconf 91' lang='lat' dir='ltr'>Sim</span> <span class='ocrx_word' id='word_1_147' title='bbox 301 2739 365 2794; x_wconf 87' lang='lat' dir='ltr'>licet</span> <span class='ocrx_word' id='word_1_148' title='bbox 382 2740 496 2805; x_wconf 84' lang='lat' dir='ltr'>infamis,</span> <span class='ocrx_word' id='word_1_149' title='bbox 516 2741 580 2795; x_wconf 91' lang='lat' dir='ltr'>dum</span> <span class='ocrx_word' id='word_1_150' title='bbox 600 2756 633 2795; x_wconf 91' lang='lat' dir='ltr'>ne</span> <span class='ocrx_word' id='word_1_151' title='bbox 650 2740 816 2794; x_wconf 84' lang='lat' dir='ltr'>moderatius</span> <span class='ocrx_word' id='word_1_152' title='bbox 835 2743 908 2805; x_wconf 89' lang='lat' dir='ltr'>urat,</span> 
     </span>
     <span class='ocr_line' id='line_1_26' title="bbox 262 2824 948 2897; baseline 0 -19"><span class='ocrx_word' id='word_1_153' title='bbox 262 2825 336 2893; x_wconf 84' lang='lat' dir='ltr'>Quae</span> <span class='ocrx_word' id='word_1_154' title='bbox 355 2825 467 2895; x_wconf 88' lang='lat' dir='ltr'>Paphon</span> <span class='ocrx_word' id='word_1_155' title='bbox 486 2830 513 2880; x_wconf 89' lang='lat' dir='ltr'>et</span> <span class='ocrx_word' id='word_1_156' title='bbox 529 2825 614 2879; x_wconf 89' lang='lat' dir='ltr'>fluctu</span> <span class='ocrx_word' id='word_1_157' title='bbox 632 2824 712 2896; x_wconf 93' lang='lat' dir='ltr'>pulsa</span> <span class='ocrx_word' id='word_1_158' title='bbox 730 2825 848 2897; x_wconf 81' lang='lat' dir='ltr'>Cythera</span> <span class='ocrx_word' id='word_1_159' title='bbox 864 2827 948 2879; x_wconf 82' lang='lat' dir='ltr'>tenet</span> 
     </span>
     <span class='ocr_line' id='line_1_27' title="bbox 202 2908 969 2981; baseline -0.007 -13"><span class='ocrx_word' id='word_1_160' title='bbox 202 2930 214 2968; x_wconf 76' lang='lat' dir='ltr'>s</span> <span class='ocrx_word' id='word_1_161' title='bbox 228 2912 317 2980; x_wconf 78' lang='lat' dir='ltr'>Atque</span> <span class='ocrx_word' id='word_1_162' title='bbox 334 2911 438 2965; x_wconf 88' lang='lat' dir='ltr'>utinam</span> <span class='ocrx_word' id='word_1_163' title='bbox 456 2911 581 2965; x_wconf 85' lang='lat' dir='ltr'>dominae</span> <span class='ocrx_word' id='word_1_164' title='bbox 600 2911 657 2964; x_wconf 87' lang='lat' dir='ltr'>miti</span> <span class='ocrx_word' id='word_1_165' title='bbox 676 2926 786 2981; x_wconf 89' lang='lat' dir='ltr'>quoque</span> <span class='ocrx_word' id='word_1_166' title='bbox 802 2909 907 2978; x_wconf 85' lang='lat' dir='ltr'>praeda</span> <span class='ocrx_word' id='word_1_167' title='bbox 923 2908 969 2964; x_wconf 77' lang='lat' dir='ltr'>fuir</span> 
     </span>
     <span class='ocr_line' id='line_1_28' title="bbox 255 2995 899 3070; baseline -0.009 -17"><span class='ocrx_word' id='word_1_168' title='bbox 255 2996 407 3054; x_wconf 83' lang='lat' dir='ltr'>Formosae</span> <span class='ocrx_word' id='word_1_169' title='bbox 426 2996 557 3070; x_wconf 85' lang='lat' dir='ltr'>quoniam</span> <span class='ocrx_word' id='word_1_170' title='bbox 573 2996 678 3066; x_wconf 83' lang='lat' dir='ltr'>praeda</span> <span class='ocrx_word' id='word_1_171' title='bbox 692 2995 799 3049; x_wconf 84' lang='lat' dir='ltr'>iuturus</span> <span class='ocrx_word' id='word_1_172' title='bbox 818 3011 899 3048; x_wconf 90' lang='lat' dir='ltr'>eram.</span> 
     </span>
    </p>
   </div>
   <div class='ocr_carea' id='block_1_6' title="bbox 0 0 1192 3575">
    <p class='ocr_par' dir='ltr' id='par_1_6' title="bbox 0 0 1192 3575">
     <span class='ocr_line' id='line_1_29' title="bbox 0 0 1192 3575; baseline 0 0"><span class='ocrx_word' id='word_1_173' title='bbox 0 0 1192 3575; x_wconf 95' lang='lat' dir='ltr'> </span> 
     </span>
    </p>
   </div>
  </div>
 </body>
</html>
