2375 3575
530 472 640 506 antonne.
921 449 968 502 175

200 600 257 655 Dat
275 598 361 654 facies
379 601 491 654 animos.
510 599 580 655 facie
599 601 720 655 uiolenta
737 600 888 655 Corinnast.

235 686 280 740 llc
297 685 433 752 miserum,
453 702 500 739 cur
518 690 560 741 est
577 690 633 740 tam
652 687 721 741 bene
739 688 805 740 nota
823 686 891 741 sibi?

201 771 314 827 Scilicet
331 789 348 825 a
365 770 469 841 speculi
487 776 631 825 sumuntur
647 771 765 840 imagine
782 770 882 836 fastus,

162 865 187 909 lc
235 856 293 911 Nec
309 857 362 911 nisi
380 856 550 926 conpositam
568 858 693 927 seprius
711 856 759 911 illa
775 857 857 911 uidet.

201 942 261 997 Non
279 942 329 997 tibi
346 942 369 997 si
386 942 471 997 facies
490 942 600 996 nimium
619 943 666 996 dat
684 944 711 997 in
729 942 819 996 omnia
836 942 913 1011 regni

238 1028 260 1083 0
278 1026 363 1081 facies
381 1026 475 1081 oculos
493 1031 558 1081 nata
574 1031 667 1082 tenere
685 1044 772 1093 meos,

200 1112 338 1169 Collatum
356 1112 456 1166 idcirco
473 1112 524 1167 tibi
541 1128 584 1166 me
603 1118 774 1167 contemnere
792 1112 884 1167 debes.

235 1197 333 1266 Aptari
351 1198 457 1265 magnis
474 1198 601 1252 inferiora
618 1198 689 1252 licet.

159 1293 186 1336 1⁵
200 1282 331 1337 Traditur
348 1286 375 1336 et
393 1284 509 1353 nymphe
528 1282 649 1337 mortalis
668 1299 759 1336 amore
777 1282 895 1354 Calypso

236 1368 326 1437 Capta
342 1367 518 1422 reluctantem
537 1368 686 1422 detinuisse
704 1369 799 1422 uirum.

199 1452 328 1508 Creditur
344 1468 506 1522 aequoream
524 1452 622 1506 Phthio
639 1452 754 1507 Nereida
770 1453 840 1522 regi,

236 1537 362 1607 Egeriam
380 1538 452 1592 iusto
470 1538 650 1593 concubuisse
667 1538 778 1592 Numae.

200 1622 335 1691 [Volcano
352 1622 491 1689 Venerem,
510 1624 635 1694 quamuis
653 1623 750 1678 incude
767 1623 862 1678 relicta

159 1721 187 1761 ao
236 1708 362 1777 Turpiter
380 1708 488 1779 obliquo
507 1709 642 1764 claudicet
658 1708 702 1763 ille
721 1709 810 1779 pede]

201 1794 337 1850 Carminis
355 1795 406 1850 hoc
424 1796 513 1865 ipsum
531 1790 618 1864 genus
635 1797 730 1865 impar.
750 1796 798 1850 sed
816 1799 908 1849 tamen
926 1799 990 1865 apte

235 1880 360 1949 Iungitur
377 1881 476 1934 herous
495 1896 555 1935 cum
573 1880 697 1936 breuiore
714 1881 803 1934 modo.

201 1965 243 2021 Tu
262 1980 372 2036 quoque
389 1982 440 2033 me,
459 1982 520 2020 mea
536 1966 589 2032 lux,
608 1966 637 2020 in
655 1966 791 2036 quaslibet
808 1965 901 2034 accipe
918 1964 1002 2035 leges.

236 2050 276 2105 'l'e
295 2050 391 2105 deceat
407 2051 496 2105 medio
515 2051 575 2105 iura
593 2051 702 2106 dedisse
719 2055 787 2105 toro.

163 2149 189 2189 ae
201 2136 263 2191 Non
280 2136 329 2191 tibi
348 2136 448 2191 crimen
466 2153 519 2203 ero,
539 2153 589 2191 nec
607 2153 662 2207 quo
679 2135 780 2190 laetere
797 2137 908 2190 remoto.

236 2221 296 2276 Non
314 2222 365 2275 erit
382 2222 427 2276 hic
445 2222 522 2278 nobis
540 2221 698 2277 infitiandus
716 2237 798 2275 amor.

203 2307 274 2360 Sunt
292 2307 357 2360 mihi
375 2323 423 2377 pro
441 2322 541 2376 magno
559 2307 649 2361 felicia
667 2307 786 2362 carmina
803 2322 899 2371 censu,

236 2392 273 2446 Et
291 2391 391 2446 multae
408 2409 458 2463 per
475 2409 517 2447 me
536 2409 635 2447 nomen
652 2392 752 2448 habere
770 2391 873 2446 uolunt.

202 2477 272 2532 Noui
289 2477 415 2548 aliquam,
435 2493 505 2547 quae
523 2494 553 2532 se
571 2478 743 2533 circumferat
760 2493 822 2532 esse
840 2476 993 2531 Corinnam.

164 2577 188 2615 so
238 2562 272 2616 Vt
289 2562 344 2629 fiat,
364 2563 429 2633 quid
447 2579 502 2617 non
518 2563 566 2617 illa
583 2563 692 2618 dedisse
710 2563 793 2617 uelit?

201 2647 258 2726 Sed
276 2663 364 2718 neque
382 2648 481 2703 diuersi
499 2649 560 2719 ripa
576 2649 703 2704 labuntur
721 2647 815 2702 cadem

235 2733 361 2803 Frigidus
379 2734 497 2789 Eurotas
514 2734 704 2804 populiferque
721 2733 826 2797 Padus,

200 2819 263 2885 Nec,
282 2819 336 2874 nisi
352 2822 392 2886 tn,
410 2819 510 2875 nostris
528 2819 683 2875 cantabitur
700 2818 756 2873 ulla
772 2817 878 2873 libellis.

234 2904 348 2974 Ingenio
366 2920 465 2960 causas
482 2909 513 2960 tn
531 2905 609 2960 dabis
627 2921 682 2959 una
700 2920 768 2960 meo.
