2375 3575
228 459 276 511 100
490 483 609 516 33313333
622 483 725 517 3330333.

225 611 302 665 ‘lllud
320 615 348 665 et
365 610 434 664 illud
451 611 546 676 habet,
566 626 616 665 nec
635 627 667 665 ea
686 614 816 666 contenta
832 612 968 681 rapinast

259 696 315 751 Sub
332 695 442 750 titulum
460 699 569 750 nostros
589 696 662 750 misit
680 713 765 750 auara
782 696 863 751 lares.

224 781 269 835 Sic
287 780 352 835 mihi
369 780 482 845 iurauit,
502 780 542 834 sic
560 796 603 835 me
621 780 711 836 iurata
728 781 832 836 fefellit.

257 869 328 921 Ante
346 882 411 919 suas
431 865 557 935 quotiens
575 882 660 935 passa
677 866 767 921 iacere
784 866 870 921 fores!

172 967 209 1005 333
223 951 317 1020 Diligit
334 950 397 1019 ipsa
416 950 492 1004 alios.
511 967 528 1003 a
546 966 589 1004 me
607 950 715 1005 fastidit
732 951 826 1005 amari.

255 1036 379 1101 Institor,
398 1036 464 1101 heu,
484 1039 591 1099 nocteS,
616 1051 685 1105 quas
703 1036 768 1089 mihi
787 1052 842 1090 non
862 1037 924 1103 dat,
943 1037 1041 1093 habetl'

221 1123 295 1177 Haec
312 1121 361 1175 tibi
379 1137 429 1189 per
446 1124 519 1174 totos
537 1121 696 1174 inacescant
713 1121 805 1175 omnia
822 1137 931 1177 sensus.

255 1206 330 1260 Haec
347 1206 430 1270 refer,
450 1205 513 1258 hinc
531 1205 587 1259 odii
606 1206 711 1260 semina
729 1222 830 1276 quaere
847 1208 897 1261 tui.

222 1293 312 1361 Atque
330 1291 435 1345 utinam
453 1290 545 1359 possis
564 1291 647 1344 etiam
663 1291 799 1345 facundus
817 1290 845 1344 in
863 1291 917 1347 illis

170 1390 207 1430 333
255 1376 338 1430 Esse!
358 1375 419 1429 dole
439 1379 557 1440 tautum,
577 1379 677 1443 sponte
695 1375 813 1430 disertus
832 1376 894 1431 eris.

221 1462 355 1516 Haeserat
371 1460 400 1513 in
418 1460 538 1530 quadam
556 1476 643 1530 nuper
662 1476 722 1514 mea
740 1477 806 1514 cura
823 1461 925 1529 puella.

254 1544 426 1600 conueniens
445 1545 535 1599 animo
554 1561 609 1598 non
628 1550 686 1599 erat
704 1544 750 1599 illa
767 1561 836 1599 meo.

220 1630 340 1684 Curabar
357 1630 475 1699 propriis
493 1645 575 1698 aeger
591 1629 744 1685 Podalirius
762 1630 870 1697 herbis,

253 1716 299 1780 Et,
318 1714 418 1779 fateor,
438 1715 558 1770 medicus
575 1715 692 1784 turpiter
710 1731 792 1785 aeger
809 1732 892 1771 eram.

167 1812 205 1852 313
219 1801 323 1855 Profuit
339 1800 454 1855 adsidue
472 1801 545 1854 uitiis
564 1800 692 1855 insistere
710 1801 826 1868 amicae,

252 1887 338 1956 idque
356 1885 420 1939 mihi
438 1885 540 1940 factum
560 1901 644 1956 saepe
662 1886 770 1941 salubre
787 1887 847 1940 fuit.

219 1972 314 2039 ‘Quam
331 1970 411 2025 mala’
430 1970 553 2025 dicebam
572 1975 690 2026 ‘nostrae
709 1975 773 2026 sunt
790 1988 870 2026 crura
887 1974 1020 2043 puellael’

251 2056 306 2111 Nec
323 2060 428 2119 tamen,
447 2059 478 2109 ut
495 2071 560 2109 uere
579 2057 768 2121 confiteamur,
788 2062 874 2111 erant.

218 2141 341 2196 ‘Brachia
358 2156 441 2210 quam
460 2156 514 2194 non
532 2145 597 2195 sunt
615 2145 724 2196 nostrae
742 2141 864 2196 formosa
880 2144 1013 2212 puellael’

166 2238 203 2277 320
252 2227 286 2280 Et
302 2230 406 2291 tamen,
426 2229 456 2279 ut
474 2242 538 2280 uere
556 2227 743 2292 confiteamur,
763 2231 848 2280 erant.

217 2315 310 2379 ‘Quam
329 2311 419 2366 breuis
438 2312 503 2364 est!’
531 2327 580 2364 nec
603 2314 669 2365 erat.
699 2317 788 2381 ‘quam
811 2312 927 2367 multum
949 2315 1039 2384 poscit

251 2398 324 2451 Haec
342 2396 405 2451 odio
424 2397 499 2450 uenit
516 2396 634 2450 maxima
652 2411 737 2450 causa
754 2412 822 2450 meo.
865 2400 1038 2464 [amanteml'

216 2483 250 2536 Et
268 2482 340 2536 mala
357 2485 422 2536 sunt
439 2481 530 2536 uicina
547 2481 635 2536 bonis.
654 2496 744 2535 errore
763 2481 814 2536 sub
830 2480 878 2535 illo

249 2566 301 2621 Pro
319 2567 387 2620 uitio
406 2567 493 2621 uirtus
512 2567 624 2621 crimina
642 2582 726 2636 saepe
743 2565 813 2621 tulit.

163 2661 201 2700 333
216 2652 276 2718 Qua
293 2655 385 2721 potes,
405 2652 432 2706 in
450 2652 528 2721 peius
547 2652 626 2706 dotes
645 2651 757 2706 deflecte
775 2650 883 2720 puellae

251 2736 438 2807 Iudiciumque
456 2736 532 2792 breui
549 2736 635 2790 limite
652 2736 716 2790 falle
733 2740 818 2790 tuum,

215 2820 347 2889 Turgida,
367 2821 390 2876 si
408 2821 528 2891 plenam,
547 2821 570 2876 si
589 2821 705 2887 iuscast,
724 2822 802 2892 nigra
819 2825 943 2880 uocetur.

249 2906 279 2959 ln
297 2906 391 2974 gracili
409 2906 509 2960 macies
527 2906 629 2961 crimen
646 2906 746 2962 habere
763 2909 864 2976 potest
