2375 3575
437 488 555 522 annnam
569 488 671 522 aaronis.
905 463 938 516 93

133 638 155 675 >s
169 620 282 677 Interea
298 618 398 672 tacitae
415 620 529 687 serpunt
545 616 573 671 in
593 616 699 671 uiscera
716 616 853 682 flammae,

207 704 243 758 Et
262 703 333 757 mala
349 703 455 757 radices
473 701 555 758 altius
573 702 653 757 arbor
671 702 735 772 agit.

171 790 202 847 Si
222 796 314 843 tamen
331 788 422 843 auxilii
440 787 579 857 perierunt
596 791 721 857 tempora
738 787 829 857 primi,

209 875 246 928 Et
264 877 343 928 uetus
361 875 388 928 in
407 876 487 942 capto
505 876 617 943 pectore
635 872 706 927 sedit
724 889 811 937 amor,

171 960 262 1015 Maius
280 974 349 1029 opus
368 962 501 1029 superest.
519 958 568 1012 sed
585 975 651 1024 non,
671 959 735 1028 quia
753 958 837 1013 serior
855 974 936 1028 aegro

132 1062 158 1100 1o
210 1045 348 1109 Aduocor‚
367 1043 411 1097 ille
428 1044 493 1098 milri
511 1043 701 1098 destituendus
719 1044 776 1098 erit.

173 1131 263 1198 Quam
280 1128 371 1184 laesus
389 1129 477 1183 luerat
494 1132 600 1198 partem
617 1129 764 1183 Poeantius
781 1130 873 1194 heros,

210 1215 304 1270 Altera
321 1214 451 1269 debuerat
468 1214 656 1285 praesecuisse
675 1230 778 1269 manus.

176 1302 244 1357 Post
261 1306 351 1354 tamen
371 1300 414 1354 hic
432 1299 532 1353 multos
550 1303 663 1354 sanatus
681 1300 799 1354 creditur
817 1316 903 1355 annos

211 1386 372 1456 Supremam
389 1384 467 1440 bellis
484 1384 649 1454 imposuisse
667 1402 784 1439 manum.

134 1488 160 1525 15
175 1472 228 1540 Qui
247 1471 326 1525 modo
345 1469 482 1524 nascentis
500 1470 677 1540 properabam
697 1470 796 1540 pellere
813 1470 933 1535 morbos,

214 1556 354 1611 Admoueo
371 1555 478 1609 tardam
498 1570 569 1608 nunc
586 1570 696 1625 quoque
713 1555 802 1610 lentus
821 1572 908 1626 opem.

175 1645 233 1698 Aut
251 1658 334 1705 noua,
353 1640 377 1695 si
394 1640 499 1710 possis,
518 1640 615 1695 sedare
632 1640 758 1695 incendia
775 1645 905 1712 temptes,

211 1730 268 1781 Aut
284 1727 330 1781 ubi
348 1742 396 1797 per
413 1726 486 1780 uires
505 1727 672 1797 procubuere
690 1743 763 1781 suas.
816 1754 822 1769 ·

176 1813 245 1870 Cum
263 1812 337 1867 furor
354 1813 381 1866 in
400 1815 519 1877 cursust,
539 1813 655 1867 currenti
674 1814 740 1868 cede
757 1814 848 1868 furori.

129 1913 163 1952 ao
212 1897 343 1953 Difficiles
361 1898 452 1952 aditus
469 1898 587 1967 impetus
606 1898 693 1953 omnis
710 1899 800 1954 habet.

177 1984 297 2049 Stultus,
316 1983 351 2038 ab
368 1982 478 2053 obliquo
496 1983 542 2053 qui
560 2000 620 2038 cum
640 1983 804 2039 descendere
821 1985 920 2054 possit,

213 2069 364 2138 Pugnatin
383 2068 514 2123 aduersas
531 2068 570 2122 ire
588 2075 696 2123 natator
714 2086 809 2140 aquas.

178 2155 329 2225 Impatiens
347 2153 452 2207 animus
471 2169 521 2208 nec
538 2153 629 2208 adhuc
646 2154 796 2210 tractabilis
815 2158 873 2209 arte

216 2239 332 2309 Respuit
349 2243 431 2309 atque
449 2237 511 2293 odio
529 2240 614 2294 uerba
631 2241 765 2294 monentis
783 2240 872 2295 habet.

128 2339 166 2380 125
180 2325 332 2395 Adgrediar
349 2324 457 2389 melius,
474 2328 532 2378 tum
552 2341 613 2379 cum
631 2341 681 2380 sua
698 2325 811 2379 uulnera
827 2325 904 2396 tangi

215 2410 271 2465 Iam
290 2409 361 2464 sinet
378 2414 406 2464 et
423 2410 494 2465 ueris
513 2410 625 2465 uocibus
643 2415 724 2479 aptus
742 2410 800 2464 erit.
840 2417 842 2422 '

180 2496 249 2565 Quis
269 2500 379 2549 matrem
399 2495 450 2549 nisi
469 2495 567 2549 mentis
584 2496 664 2565 inops
681 2496 709 2549 in
727 2496 822 2550 funere
839 2495 896 2549 nati

216 2581 293 2635 Flere
311 2581 400 2635 uetet?
419 2595 473 2634 non
492 2580 543 2634 hoc
559 2579 606 2634 illa
622 2581 758 2635 mouenda
773 2580 871 2636 locost.

182 2668 252 2722 Cum
270 2665 374 2721 dederit
391 2665 516 2720 lacrimas
529 2665 703 2735 animumque
715 2666 869 2736 impleuerit
880 2681 997 2736 aegrum,

131 2766 168 2805 mo
218 2751 265 2806 llle
284 2750 361 2806 dolor
378 2750 469 2806 uerbis
486 2751 685 2806 emoderandus
702 2753 761 2806 erit.
976 2750 979 2757 ’

182 2837 325 2908 Temporis
337 2853 382 2892 ars
394 2835 528 2890 medicina
545 2834 637 2891 ferest.
655 2836 721 2891 data
736 2840 859 2907 temporo
876 2838 998 2906 prosunt

218 2923 254 2978 Et
271 2922 336 2977 data
353 2937 407 2977 uon
424 2925 490 2992 apto
506 2925 629 2992 tempore
647 2922 711 2979 uiua
728 2925 835 2977 nocent
