2375 3575
230 457 276 509 172
553 479 663 513 anonas.

260 609 373 664 Inuideo
392 608 470 663 donis
487 609 542 663 iam
559 608 641 664 miser
659 609 719 678 ipse
737 608 813 662 meis.

228 696 250 750 0
269 695 370 749 utinam
389 695 447 749 lieri
464 695 554 751 subito
572 711 634 749 mea
650 710 765 748 munera
781 709 890 763 possem

190 793 214 833 ro
261 780 371 834 Artibus
390 782 498 835 Aeaeae
516 778 692 849 Carpathiiue
710 778 797 833 senis!

227 864 302 919 Tune
321 880 379 933 ego,
399 865 423 919 si
440 865 539 920 subeat
555 864 681 919 dominae
699 863 825 932 tetigisse
844 862 955 933 papillas

262 950 295 1003 Et
313 949 419 1003 laeuam
437 950 538 1003 tunicis
556 949 704 1004 inseruisse
723 966 842 1015 manum,

227 1034 326 1090 Elabar
344 1035 428 1103 digito
447 1035 572 1105 quamuis
590 1044 725 1102 angustus
743 1038 772 1088 et
789 1033 917 1099 haerens,

261 1120 346 1189 Inque
364 1120 453 1175 sinum
471 1122 538 1174 mira
555 1119 634 1174 laxus
652 1119 687 1174 ab
705 1123 764 1173 arte
782 1119 888 1174 eadam.

189 1218 213 1255 rs
226 1205 301 1259 Idem
320 1220 379 1274 ego,
400 1209 430 1259 ut
447 1220 563 1259 arcanas
581 1204 686 1274 possim
704 1204 813 1272 signare
831 1203 957 1268 tabellas,

259 1289 333 1344 Neue
350 1293 432 1344 tenax
451 1306 540 1344 ceram
558 1290 687 1360 siccaque
704 1304 814 1357 gemma
831 1289 935 1354 trahat,

225 1374 321 1428 Vmida
339 1375 474 1429 formosae
492 1379 603 1443 tangam
622 1374 698 1443 prius
717 1390 766 1428 ora
782 1374 900 1444 puellae.

259 1459 377 1514 Tantum
396 1476 429 1514 no
448 1460 553 1528 signem
571 1459 674 1529 scripta
692 1458 810 1513 dolenda
828 1459 902 1513 mihi.

227 1546 256 1600 Si
275 1545 367 1610 dabor,
387 1550 416 1599 ut
433 1545 536 1600 condar
553 1545 662 1611 loculis,
682 1544 754 1599 exire
772 1544 892 1613 negabo,

189 1646 215 1686 au
262 1631 443 1700 Adstringens
462 1630 562 1699 digitos
581 1630 646 1685 orbe
666 1629 767 1684 minore
784 1634 857 1683 tuos.

227 1716 286 1770 Non
304 1731 355 1784 ego
374 1716 499 1770 dedecori
518 1714 567 1771 tibi
585 1716 645 1779 sim,
664 1732 724 1770 mea
742 1715 808 1781 uita
827 1714 935 1769 iuturus

261 1802 375 1871 Quodne
393 1807 470 1856 tener
488 1802 591 1872 digitus
609 1802 679 1856 ferre
696 1805 809 1856 recuset
823 1817 902 1856 onus.

227 1888 269 1942 Me
287 1904 357 1956 gere,
376 1904 436 1942 oum
455 1887 550 1941 calidis
568 1887 738 1956 perfunderis
756 1887 888 1942 imbribus
907 1891 990 1950 amus,

261 1974 421 2042 Damnaque
440 1973 491 2027 sub
509 1988 644 2041 gemmam
661 1973 750 2041 perfer
768 1973 858 2026 euntis
878 1988 973 2043 aquae.

189 2073 213 2112 25
228 2059 289 2124 Sed,
308 2064 383 2128 puto,
402 2064 429 2112 te
448 2058 521 2111 nuda
538 2074 598 2112 mea
616 2058 736 2112 membra
753 2057 864 2112 libidine
883 2059 998 2127 surgent,

261 2143 296 2198 Et
314 2160 442 2213 peragam
460 2148 553 2213 partes
572 2143 669 2198 anulus
686 2142 730 2196 ille
750 2142 807 2196 viri.

227 2230 311 2283 lnrita
329 2229 394 2300 quid
413 2230 520 2283 uoueol
538 2244 653 2298 paruum
671 2227 844 2297 proficiscere
862 2244 968 2282 munus.

260 2314 310 2368 Illa
328 2316 419 2369 datam
437 2319 525 2368 teoum
544 2314 646 2368 sentiat
664 2329 724 2368 esse
743 2313 831 2366 fidem.

564 2536 652 2602 XVI.

229 2657 293 2710 Pars
313 2673 354 2710 me
373 2655 465 2710 Sulmo
483 2659 558 2711 tenet
575 2655 697 2725 Paeligni
714 2655 796 2710 tertia
812 2655 892 2720 ruris,

262 2742 358 2805 Parua,
376 2743 424 2797 sed
443 2742 555 2810 inriguis
573 2758 622 2795 ora
640 2741 756 2797 salubris
774 2741 861 2811 aquis.

228 2828 273 2881 Sol
292 2828 356 2883 licet
374 2834 401 2883 et
419 2833 493 2882 moto
511 2827 634 2881 tellurem
653 2827 741 2882 sidere
759 2826 857 2893 findat,

262 2912 296 2966 lit
315 2914 393 2968 micet
411 2912 489 2966 Icarii
508 2913 587 2967 stella
605 2918 734 2982 proterua
752 2912 835 2967 oanis.
