2375 3575
239 490 270 543 18
546 496 592 530 nus
611 494 752 529 1111101111.

236 626 287 680 Illa
297 626 370 695 leget
381 630 490 695 tempus
498 625 631 680 -medici
643 640 751 695 quoque
763 634 888 694 tempora
900 640 970 679 seruc

272 711 331 779 Quo
349 710 439 766 facilis
459 711 584 765 dominae
602 726 679 765 mens
698 710 734 765 sit
752 715 779 763 et
797 715 863 779 apta
881 704 950 780 capi.

237 797 313 851 Mens
331 797 382 851 erit
400 800 466 866 apta
484 798 555 865 capi,
575 800 633 849 tum
653 812 714 850 cum
731 796 882 851 laetissima
902 812 970 851 reru]

187 887 226 925 ³6⁰
273 882 308 936 Vt
326 898 406 951 seges
423 882 451 935 in
469 882 563 951 pingui
581 881 728 937 luxuriabit
745 882 836 936 humo.

238 968 353 1022 Pectora
371 968 434 1022 dum
455 968 576 1037 gaudent
596 983 645 1021 nec
664 973 728 1021 sunt
746 967 878 1022 adstricta
896 966 970 1024 dolor

272 1055 336 1123 Ipsa
354 1056 456 1122 patent.
475 1053 575 1107 blanda
592 1057 649 1107 tum
669 1053 742 1107 subit
760 1056 818 1107 arte
836 1053 935 1109 Venus.

239 1139 308 1197 Tum
326 1155 386 1193 cum
405 1139 491 1194 tristis
510 1145 578 1204 erat,
599 1140 740 1194 defensast
756 1139 820 1193 llios
839 1140 930 1194 armis.

219 1217 250 1246 ‘⁴¹
272 1224 401 1279 Militibus
420 1226 562 1292 grauidum
581 1225 655 1278 laeta
672 1226 776 1295 recepit-
796 1241 903 1295 equum.

189 1320 225 1359 ³65
240 1311 308 1365 Tum
327 1326 435 1381 quoque
453 1311 653 1381 temptandast,
673 1327 733 1365 cum
752 1311 838 1380 pelice
855 1312 932 1367 laesa
949 1313 970 1368 d

275 1397 315 1451 Tu
333 1397 417 1451 facies
437 1414 533 1467 opera,
553 1414 587 1451 ne
606 1397 642 1451 sit
659 1397 759 1463 inulta,
777 1401 833 1451 tua.

241 1483 319 1537 Hanc
336 1483 485 1537 matutinos
504 1490 616 1553 pectens
636 1483 735 1536 ancilla
753 1483 866 1554 capillos

275 1568 373 1622 incitet
390 1573 418 1623 et
436 1569 497 1623 uelo
516 1568 625 1638 remigis
645 1568 729 1622 addat
747 1586 826 1638 opem

241 1653 276 1708 Et
294 1669 386 1708 secum
405 1655 479 1708 tenui
498 1655 640 1723 suspirans
659 1671 794 1708 murmure
812 1653 884 1708 dicat

190 1744 228 1783 3⁷⁰
277 1740 416 1810 ι11111110,
436 1755 489 1794 non
508 1745 618 1810 poteras
636 1740 698 1810 ipsa
717 1739 816 1818 referre
835 1740 939 1796 uicem’.

242 1827 309 1880 Tum
328 1826 406 1880 (1919
424 1830 528 1891 narret,
547 1829 605 1879 tum
623 1825 816 1895 persuadentia
836 1827 921 1882 uerba

275 1911 367 1965 Addat
385 1917 412 1964 91
430 1911 526 1965 insano
545 1911 615 1964 iuret
634 1927 725 1965 amore
744 1913 818 1966 mori.

242 1995 296 2051 Sed
314 2013 443 2066 propera,
464 2013 497 2050 ne
516 1997 577 2050 uela
596 1996 696 2051 cadant
715 2012 851 2067 auraeque
869 1997 970 2053 residar

277 2081 311 2135 Vt
328 2080 432 2149 fragilis
451 2081 564 2150 glacicS,
583 2082 676 2136 interit
692 2082 733 2136 ira
754 2099 836 2136 mora.

191 2171 229 2211 art
243 2168 368 2235 Quaeris,
386 2185 422 2221 an
440 2168 511 2221 hanc
530 2167 616 2236 ipsam
636 2167 722 2236 prosit
740 2167 842 2221 uiolare
861 2169 970 2224 ministr:

276 2252 387 2307 Talibus
406 2252 534 2306 admissis
553 2252 614 2306 alea
632 2253 743 2320 grandis
762 2253 839 2308 inest.

241 2338 352 2393 Haece
370 2337 514 2392 concubitu
533 2337 563 2390 fit
581 2336 689 2404 sedula,
708 2338 810 2392 tardior
827 2338 882 2394 illa.

277 2425 352 2479 Haec
371 2424 495 2477 dominae
515 2440 612 2477 munus
630 2427 656 2477 te
675 2427 767 2492 parat,
787 2422 833 2476 illa
851 2423 911 2478 sibi.

243 2510 330 2565 Casus
349 2509 374 2564 in
395 2512 529 2563 euentust.
548 2509 609 2562 licet
629 2507 672 2561 hic
691 2507 831 2576 indulgeat
848 2509 933 2564 ausis.

193 2597 231 2636 ³³⁰
278 2594 424 2649 Consilium
443 2599 534 2648 tamen
552 2599 597 2648 est
615 2593 780 2648 abstinuisse
798 2610 896 2649 meum.

244 2678 303 2733 Nou
322 2696 373 2749 ego
391 2696 440 2749 per
457 2695 589 2748 praeceps
609 2682 636 2732 91
654 2685 735 2733 acuta
753 2680 895 2735 cacumina
912 2680 970 2736 uad:

278 2763 333 2818 Nec
345 2764 471 2818 iuuenum
491 2764 634 2834 quisquam
654 2780 696 2818 me
715 2764 783 2818 duce
802 2769 899 2834 captus
917 2765 970 2821 orit

246 2850 275 2905 Si
292 2853 383 2903 tamen
401 2849 448 2902 illa
465 2848 526 2914 tibi,
546 2849 609 2902 dum
629 2848 676 2903 dat
693 2849 843 2919 recipitque
863 2849 970 2907 tabellas

280 2935 412 3005 Corpore,
431 2949 485 2988 non
502 2936 608 2988 tanturn
627 2934 772 2989 sedulitate
791 2935 888 3005 placet,
