2375 3575
232 449 277 499 142
555 470 665 503 saronas.

228 600 400 654 Subscribam
421 598 524 652 ·Veneri
543 598 613 652 fidas
632 598 682 653 sibi
700 597 774 652 Naso
793 597 932 667 ministras

263 684 385 738 Dedicat.
405 689 434 737 at
452 700 537 753 nuper
557 683 610 737 uile
627 683 718 737 fuistis
737 683 816 737 acer'

577 904 649 969 XII.

229 1025 303 1078 Flete
320 1039 397 1077 meos
414 1024 507 1077 casus!
526 1023 620 1077 tristes
638 1023 741 1077 rediere
758 1022 885 1077 tabellae.

261 1108 357 1163 Infelix
375 1107 456 1161 hodie
473 1107 564 1162 littera
581 1123 665 1178 posse
683 1110 773 1176 negat.

228 1194 325 1248 ilmina
343 1197 407 1246 sunt
424 1191 534 1262 aliquid.
554 1193 637 1247 modo
656 1209 718 1247 cum
737 1192 879 1247 discedere
898 1193 986 1257 uellet,

261 1277 302 1332 nd
320 1276 402 1330 limen
422 1277 521 1346 digitos
540 1278 644 1333 restitit
661 1279 717 1331 icta
734 1276 818 1346 Nape.

202 1364 310 1417 aMissa
327 1361 402 1416 foras
420 1362 517 1416 iterum
536 1362 620 1417 limen
637 1362 753 1417 transire
772 1368 909 1418 memento

261 1447 375 1501 Cautius
393 1451 475 1516 atque
493 1447 547 1501 alte
565 1448 656 1502 sobria
675 1447 746 1502 ferre
766 1448 873 1516 podem.

228 1534 267 1587 lto
286 1533 356 1596 bino,
376 1531 499 1586 difficiles
517 1532 642 1587 funebria
660 1532 734 1601 ligna
752 1531 870 1586 tabellae

262 1617 356 1687 Tuque
376 1617 514 1685 negaturis
533 1633 596 1671 cera
614 1617 714 1671 referta
734 1616 813 1681 notis,

227 1707 322 1769 Quam.
341 1706 416 1771 puto,
436 1702 469 1755 de
486 1701 584 1769 longae
604 1701 744 1755 collectam
763 1700 830 1755 flore
848 1703 955 1757 cicutae

191 1803 213 1838 m
262 1786 338 1842 Melle
357 1788 407 1841 sub
425 1786 517 1841 infami
536 1788 649 1841 Corsica
666 1786 739 1842 misit
757 1785 825 1856 apis.

228 1877 263 1926 At
280 1877 417 1941 tamquam
438 1872 519 1926 minio
539 1872 649 1940 penitus
668 1872 803 1926 medicata
819 1872 947 1928 rubebas.

261 1958 308 2011 lile
326 1957 399 2011 color
418 1974 480 2010 uere
499 1957 726 2025 sanguinulentus
745 1960 810 2010 erat.

226 2044 365 2097 Proiectae
384 2042 470 2095 triuiis
489 2042 611 2107 iaceatis,
630 2042 725 2096 inutile
744 2041 859 2110 lignum,

261 2127 369 2196 Vosque
387 2133 463 2181 rotae
482 2128 591 2195 frangat
604 2127 802 2196 praetereuntis
814 2143 894 2181 onus.

190 2228 212 2262 rs
226 2212 302 2266 lllum
322 2213 410 2266 etiam.
431 2212 476 2281 qui
497 2228 545 2264 uos
563 2228 596 2264 ex
615 2212 711 2266 arbore
730 2212 811 2266 uertit
829 2212 856 2265 in
877 2229 966 2277 usum,

261 2298 426 2351 Conuincam
445 2313 528 2366 puras
547 2313 602 2350 non
620 2297 749 2351 habuisse
767 2313 872 2351 manus.

229 2383 353 2436 Praebuit
371 2381 417 2435 illa
435 2383 514 2436 arbor
533 2381 631 2436 misero
649 2381 799 2450 suspendia
816 2381 886 2436 collo

261 2467 385 2522 Carnifici
405 2467 479 2521 diras
498 2467 624 2536 praebuit
640 2466 688 2520 illa
705 2483 808 2520 cruces.

229 2551 276 2605 llla
294 2552 368 2606 dedit
387 2558 482 2621 turpes
501 2553 591 2606 raucis
611 2551 763 2606 bubonibus
783 2551 900 2606 umbras.

188 2653 213 2688 ao
262 2637 379 2690 l'olturis
398 2637 423 2689 in
443 2637 525 2690 ramis
545 2641 572 2690 et
590 2636 683 2706 strigis
701 2652 754 2690 oua
772 2636 842 2690 tulit.

226 2721 276 2775 His
295 2737 346 2788 ego
365 2722 486 2775 commisi
506 2725 615 2775 nostros
633 2722 747 2776 insanus
766 2737 872 2776 amores

261 2805 405 2876 Molliaque
423 2807 458 2860 ad
477 2806 612 2860 dominam
632 2806 716 2860 uerba
733 2806 846 2860 ferenda
864 2805 947 2861 dedi?

227 2892 326 2961 Aptius
344 2891 395 2944 hae
414 2892 523 2958 capiant
542 2891 698 2944 uadimonia
715 2891 824 2960 garrula
841 2907 929 2955 cerae,
