2375 3575
241 467 274 520 26
519 490 566 525 555
580 491 720 525 55555515.

239 620 322 686 Huic,
340 620 365 675 si
382 623 455 675 sorte
472 619 554 685 bibis,
573 623 673 675 sortem
691 622 808 676 concede
826 620 951 691 priorem.

273 705 345 759 Huic
363 705 441 759 detur
459 705 542 775 capiti
560 705 645 761 missa
664 721 764 759 corona
780 709 835 760 tuo.

240 790 304 845 Siue
322 791 373 845 erit
388 790 499 845 inferior
520 808 569 846 seu
587 808 649 861 par,
667 793 740 860 prior
758 791 849 845 omnia
866 794 965 846 sumat

273 876 328 931 Nec
346 876 452 931 dubites
469 876 507 930 illi
525 877 609 932 uerba
627 876 746 931 secunda
763 876 844 946 loqui.

190 971 226 1009 ⁵8⁵
240 962 311 1016 Tuta
329 961 511 1032 frequensque
529 963 602 1016 uiast
619 978 667 1032 per
685 961 764 1015 amici
781 960 874 1016 fallere
892 979 1000 1017 nomen.

274 1047 344 1102 Τ515
361 1046 543 1116 frequensque
559 1046 624 1101 licet
642 1046 678 1101 sit
695 1048 750 1113 uia,
770 1049 870 1101 crimen
887 1048 978 1103 habet

239 1132 305 1186 Indo
323 1136 481 1202 procurator
498 1132 610 1186 nimium
629 1148 737 1202 quoque
754 1132 839 1186 multa
856 1136 987 1203 procurat

274 1216 309 1270 Et
326 1217 378 1272 sibi
396 1217 532 1271 mandatis
550 1217 630 1287 plura
647 1218 765 1272 nidenda
783 1221 862 1288 putat

240 1302 321 1357 Certa
336 1302 387 1357 tibi
404 1320 421 1355 5
439 1302 517 1358 nobis
535 1302 643 1357 dabitur
662 1319 787 1358 mensura
804 1303 922 1358 bibendi.

190 1396 227 1435 555
274 1387 398 1442 Officium
416 1391 556 1457 praestent
573 1403 703 1458 mensque
721 1388 860 1459 pedesque
879 1405 967 1443 suum.

240 1472 331 1541 iurgia
347 1472 493 1543 praecipue
512 1472 574 1526 uino
594 1473 733 1527 stimulata
751 1477 847 1528 caueto

275 1556 311 1611 Et
328 1558 440 1612 nimium
456 1557 551 1612 faciles
570 1558 606 1613 ad
623 1558 681 1612 iera
698 1558 769 1613 belia
786 1575 891 1613 manus.

240 1641 345 1697 Occidit
361 1642 493 1713 Eurytion
511 1644 592 1697 stulte
612 1644 677 1698 data
694 1644 759 1698 uina
776 1643 900 1698 bibendo.

274 1728 370 1799 Aptior
388 1731 431 1782 551
449 1728 521 1782 dulci
538 1745 633 1783 mensa
650 1745 806 1800 merumque
824 1730 892 1783 ioco.

190 1823 227 1861 595
242 1812 271 1868 Si
288 1830 342 1868 uox
359 1816 413 1879 est,
433 1818 520 1879 55515,
539 1815 562 1868 51
580 1814 672 1869 mollia
689 1814 811 1879 brachia,
832 1813 914 1880 55115,

274 1899 309 1952 Ε1
327 1915 497 1969 quacumque
515 1904 594 1968 potos
613 1900 677 1953 dote
695 1900 816 1970 placere,
834 1898 920 1969 place.

241 1983 365 2039 Ebrietas
383 1987 413 2038 ut
431 2000 496 2039 uera
513 1988 604 2050 nocet,
625 1984 664 2039 sic
682 1985 746 2039 ficta
762 1984 875 2038 iuuabit.

274 2068 330 2122 Fac
346 2069 445 2124 titubet
464 2069 556 2125 blaeso
575 2069 691 2125 subdola
708 2069 801 2138 lingua
818 2085 898 2134 sono,

241 2153 286 2220 Vt,
305 2154 433 2224 quicquid
450 2155 534 2208 iacias
553 2155 664 2209 (1155555
681 2155 835 2224 proteruius
854 2170 956 2224 aequo,

189 2248 226 2284 60⁰
274 2238 405 2293 Credatur
422 2239 533 2293 nimium
551 2255 636 2294 55555
652 2240 736 2295 fuisse
754 2255 864 2293 merum.

240 2322 275 2377 Et
291 2324 361 2379 bene
378 2323 422 2378 dic
439 2325 575 2391 dominae,
594 2325 676 2390 bene,
696 2341 756 2379 cum
775 2340 829 2395 quo
848 2323 965 2378 dormiat
982 2322 1024 2378 1115

274 2409 328 2465 Sed
346 2408 416 2463 male
434 2409 470 2464 sit
486 2409 571 2464 tacita
588 2412 678 2464 mente
695 2425 807 2480 precare
826 2409 892 2463 uiro.

241 2494 277 2547 At
295 2509 355 2548 cum
374 2493 495 2548 discedot
512 2511 608 2549 mensa
625 2495 741 2550 conuiua
758 2497 874 2559 remota,

273 2579 338 2648 Ipsa
355 2578 404 2634 tibi
422 2595 548 2634 accessus
566 2580 647 2635 turba
664 2579 807 2649 locumque
825 2579 908 2633 dabit.

189 2670 226 2708 6⁰⁵
240 2662 331 2718 Insere
348 2667 376 2717 te
393 2664 488 2719 turbae
505 2664 656 2735 leuiterque
674 2665 799 2719 admotus
818 2665 892 2718 eunti

273 2748 347 2803 Velle
365 2747 437 2804 latus
455 2750 545 2820 digitis
563 2754 591 2805 et
609 2750 678 2820 pedo
696 2753 778 2818 tange
797 2749 902 2819 pedem.

241 2832 383 2903 Conloquii
399 2833 453 2888 iam
470 2837 577 2904 tempus
597 2835 682 2889 adest.
700 2834 764 2903 fuge
782 2835 882 2889 rustice
898 2834 973 2905 long(

273 2918 343 2972 Hinc
360 2918 455 2988 pudor.
474 2920 619 2974 audentem
636 2919 759 2989 Forsque
777 2919 922 2989 Venusque
939 2919 967 2975 in
