2375 3575
503 484 613 518 uocas.
895 458 941 510 177

177 614 264 683 Quam
282 613 337 667 cito
356 613 390 667 de
407 617 466 667 toto
483 612 563 666 rediit
581 628 658 666 meus
677 611 741 666 orbe
760 609 890 677 Sabinus,

209 698 373 768 Scriptaque
391 698 507 752 diuersis
524 696 629 751 rettulit
647 696 691 750 ille
709 696 788 751 locis!

175 784 300 841 Candida
317 782 452 852 Penelope
470 783 578 850 signum
597 782 726 850 cognouit
745 781 836 836 Vlixis.

131 869 163 917 ³0
209 868 288 937 Legit
305 868 340 923 ab
358 866 506 938 Hippolyto
524 868 628 937 scripta
646 884 764 922 nouerca
782 883 840 922 suo.

175 956 232 1009 lam
251 954 313 1023 pius
331 956 439 1007 Aeneas
457 953 573 1006 miserae
591 952 731 1021 rescripsit
749 952 862 1007 Elissae.

210 1039 344 1109 Quodque
360 1038 434 1106 legat
452 1036 566 1107 Phyllis,
586 1038 609 1092 si
628 1038 708 1091 modo
727 1038 808 1102 uiuit,
828 1039 914 1093 adest.

175 1124 273 1179 Tristis
291 1123 328 1177 ad
344 1122 514 1194 Hypsipylen
533 1122 568 1177 ab
585 1122 684 1177 Iasone
702 1122 792 1177 littera
809 1124 891 1178 uenit.

130 1214 132 1219 '
209 1210 264 1264 Det
281 1212 374 1262 uotam
393 1208 503 1263 Phoebo
521 1208 617 1263 Lesbis
636 1212 726 1261 amatu
744 1208 837 1279 lyram.

135 1293 311 1358 collectim,
330 1309 385 1364 qua
401 1296 491 1346 tntum
509 1294 579 1357 uati,
597 1292 700 1359 Macer,
719 1310 794 1347 arma
812 1294 919 1349 canenti

209 1381 318 1435 Aureus
336 1378 364 1432 in
382 1377 471 1432 medio
489 1381 575 1432 marte
593 1381 699 1433 tacetur
717 1379 807 1432 Amor.

176 1465 213 1520 Et
229 1463 307 1519 Paris
325 1466 368 1518 est
385 1461 440 1516 illic
457 1466 485 1517 et
502 1462 638 1529 adultera,
657 1463 746 1519 nobile
764 1464 876 1529 crimen,

210 1549 248 1605 Et
265 1564 357 1603 comes
375 1548 494 1602 extincto
512 1547 663 1603 Laodamia
680 1549 746 1603 uiro.

178 1635 208 1690 Si
224 1634 295 1689 bene
312 1637 340 1687 te
358 1633 433 1698 noui,
455 1649 508 1687 non
527 1632 598 1687 bella
615 1633 743 1688 libentius
761 1633 821 1690 istis

138 1727 164 1766 ⁴0
211 1717 288 1773 Dicis
306 1722 334 1772 et
351 1734 368 1771 a
385 1718 484 1772 uestris
502 1717 529 1771 in
547 1734 608 1772 mea
626 1723 717 1774 castra
735 1720 819 1774 uenis.

494 1941 630 2007 XVIIII.

178 2061 208 2117 si
225 2059 277 2124 tibi
294 2074 348 2112 non
367 2073 436 2128 opus
455 2062 498 2114 est
515 2064 638 2125 seruata,
658 2060 755 2126 stulte,
774 2060 878 2131 puella,

212 2146 250 2199 nt
267 2143 333 2197 mihi
350 2143 395 2198 fac
412 2160 514 2210 serues,
533 2161 588 2215 quo
606 2146 693 2214 magis
711 2146 770 2216 ipse
789 2145 876 2200 uelim.

178 2228 259 2298 Quod
277 2228 347 2294 licet,
365 2229 537 2298 ingratumst.
557 2229 630 2299 qnod
648 2230 791 2294 nonlicet,
811 2232 900 2285 acrius
919 2232 981 2287 urit.

213 2313 329 2368 Ferreus
347 2318 396 2378 est,
416 2313 502 2384 siquis
520 2315 594 2385 quod
613 2315 678 2370 sinit
695 2315 770 2380 alter,
790 2320 870 2370 amat.

153 2413 165 2449 s
180 2401 329 2470 Speremus
347 2399 456 2467 pariter,
473 2399 575 2468 pariter
592 2405 746 2455 metuamus
765 2407 895 2467 amantes,

214 2483 250 2538 Et
266 2482 351 2537 faciat
368 2487 434 2538 uoto
451 2499 514 2539 rara
531 2485 642 2554 repulsa
659 2485 756 2540 locum.

179 2569 241 2636 Quo
259 2567 323 2621 mihi
341 2566 486 2634 fortunam,
505 2583 577 2638 quae
595 2585 743 2640 numquam
760 2571 854 2625 fallere
873 2573 965 2626 curet?

213 2651 256 2707 Nil
273 2667 333 2722 ego,
351 2652 423 2723 quod
442 2652 517 2707 nullo
534 2657 657 2724 tempore
675 2654 773 2721 laedat,
792 2672 861 2710 amo.

179 2737 292 2792 Viderat
309 2736 361 2792 hoc
378 2737 405 2792 in
423 2754 466 2792 me
484 2738 578 2793 uitium
597 2745 709 2794 uersuta
728 2740 857 2805 Corinna,

141 2836 166 2874 ro
215 2822 331 2892 Quaque
348 2823 410 2892 cspi
428 2839 551 2893 possem,
571 2824 670 2879 callida
687 2831 766 2879 norat
783 2841 871 2895 opem.

180 2909 213 2972 Α,
232 2906 360 2977 quotiens
378 2908 439 2962 sani
457 2909 555 2977 capitis
573 2910 687 2964 mentita
705 2910 812 2964 dolores

825 3014 849 3054 12
