2375 3575
483 497 529 530 Abs
545 495 690 530 Auaronrd.

176 626 235 682 lion
255 626 373 680 modium
391 627 510 696 rupisset
528 626 578 680 iter
590 642 725 696 cursuque
743 631 845 680 retorto

130 735 162 773 330
211 717 343 767 Auroram
362 712 447 766 uersis
465 711 591 766 Phoebus
611 712 714 766 adisset
732 712 818 781 equis.

175 799 245 853 Filia
264 814 415 867 purpureos
434 797 498 852 Niso
517 797 607 852 furata
626 797 738 867 capillos

209 884 285 938 Pube
303 882 401 952 premit
419 882 528 936 rabidos
548 882 756 952 inguinibusque
775 898 866 937 canes.

177 969 228 1036 Qui
248 969 360 1023 llartem
380 973 464 1032 terra,
484 967 636 1037 Neptunum
657 966 751 1037 effugit
769 969 796 1020 iu
816 968 903 1035 undis

212 1052 341 1120 Coniugis
360 1053 469 1107 Atrides
488 1052 598 1106 uictima
617 1053 676 1106 dira
693 1052 750 1106 luit.

130 1158 163 1197 ess
178 1139 228 1194 Gui
249 1156 302 1192 nou
322 1138 448 1192 delletast
466 1137 626 1208 Ephyraeae
644 1139 752 1191 flamma
770 1139 889 1193 Creusae

211 1225 246 1277 Et
264 1239 330 1277 neco
349 1229 474 1277 natorum
492 1222 703 1292 sanguinolenta
720 1223 837 1292 pareus?

175 1308 265 1362 Fleuit
283 1308 474 1380 Amyntorides
492 1324 541 1377 per
558 1308 650 1360 inania
667 1307 769 1361 lumina
785 1308 915 1363 Phoenix.

209 1393 388 1463 Hippolytum
407 1393 499 1463 pauidi
518 1393 668 1462 diripuistis
687 1394 758 1463 equi.

176 1479 248 1547 Quid
265 1479 337 1533 fodis
354 1479 498 1544 inmeritis,
517 1478 633 1542 Phineu,
653 1495 703 1532 sua
719 1477 823 1533 lumina
842 1479 933 1534 natis?

130 1581 162 1618 seo
210 1564 302 1618 Poena
320 1569 490 1618 reuersurast
507 1563 534 1616 in
553 1569 636 1632 caput
654 1564 708 1617 ista
725 1570 809 1618 tuum.

135 1693 140 1703 .
176 1649 274 1704 Omnia
292 1649 411 1702 feminea
429 1653 493 1702 sunt
511 1649 564 1703 ista
582 1649 692 1703 libidine
711 1656 791 1704 motu.

212 1734 306 1791 Acrior
324 1738 366 1789 est
384 1739 478 1789 nostra
495 1734 613 1805 plusque
631 1735 729 1789 suroris
748 1735 837 1791 habet.

176 1820 249 1889 Ergo
268 1836 319 1887 age
338 1836 371 1873 ne
390 1820 484 1874 dubita
502 1826 615 1875 cunctas
634 1837 744 1890 sperare
762 1821 876 1891 puellas.

216 1906 265 1959 Vix
284 1905 335 1959 erit
353 1922 368 1959 e
386 1905 478 1959 multis
497 1921 567 1974 quae
586 1912 667 1973 neget
687 1923 740 1959 una
758 1906 813 1960 tibi.

130 2003 164 2040 ³45
180 1992 256 2059 Quae
267 1990 333 2045 dant
342 2005 466 2060 quaeque
474 1995 574 2060 negant
583 1992 801 2059 gaudeuttamen
812 1996 999 2061 esserogatae.

214 2078 246 2129 Vt
263 2076 317 2130 iam
336 2076 449 2141 fallaris,
469 2080 530 2129 tuta
547 2076 658 2145 repulsa
676 2080 758 2130 tuast.

177 2162 232 2218 Sed
251 2178 298 2215 cur
316 2160 431 2226 fallaris,
451 2177 510 2214 cum
531 2161 566 2214 sit
585 2178 659 2215 noua
677 2167 756 2228 grata
774 2161 913 2231 uoluptas,

213 2247 246 2300 Et
264 2246 375 2316 capiant
393 2246 497 2299 auimos
517 2246 578 2316 plus
598 2246 687 2300 aliena
704 2247 780 2316 suist

178 2332 302 2387 Fertilior
319 2346 399 2399 seges
418 2337 461 2385 est
477 2331 573 2385 alienis
592 2348 700 2401 semper
718 2332 744 2385 in
763 2332 845 2399 agris

130 2427 164 2465 35⁰
213 2418 389 2487 Vicinumque
407 2432 491 2485 pecus
509 2416 638 2485 grandius
658 2417 723 2472 uber
740 2417 830 2471 habet.

178 2502 232 2557 Sed
250 2502 326 2573 prius
345 2501 471 2555 ancillam
490 2502 643 2570 captandae
663 2518 743 2556 nosse
761 2502 868 2572 puellae

213 2588 284 2643 Cura
302 2588 345 2641 sit.
365 2602 494 2641 accessus
513 2586 615 2640 molliet
632 2586 679 2640 illa
696 2591 768 2641 tuos.

177 2673 304 2727 Proxima
321 2670 442 2726 consiliis
461 2671 587 2725 dominae
605 2671 642 2726 sit
659 2675 688 2726 ut
706 2672 766 2738 illa,
786 2672 886 2739 uideto,

213 2757 286 2813 Neue
304 2774 399 2827 parum
418 2756 508 2811 tacitis
527 2757 636 2812 conscia
655 2758 711 2811 lida
728 2758 803 2811 iocis,

130 2852 164 2890 ³³³
181 2844 258 2897 llano
274 2848 305 2897 tu
323 2839 463 2912 pollIcitis‚
482 2843 554 2895 hano
571 2846 601 2895 tu
620 2858 761 2911 corrumpe
779 2844 909 2911 rogando.

214 2928 292 2997 Quod
310 2928 396 2998 petis,
415 2944 448 2981 cx
466 2926 550 2992 lucili,
569 2926 592 2981 si
612 2927 684 2981 uolet
702 2928 761 2994 iba,
779 2927 863 2983 feres.
955 2953 1029 3137 Ι

853 3048 872 3088 ‘t
