2375 3575
467 492 511 525 Ans
526 493 664 526 AMATORIA.

179 621 258 675 Vtilis
277 625 320 675 est
337 620 414 676 uobis
432 621 567 676 formosae
585 622 665 677 turba
682 623 796 692 puellae.

213 705 303 776 Saepe
321 721 407 774 uagos
425 706 496 760 ultra
512 706 606 761 limina
622 707 692 762 terte
709 709 802 778 pedes.

178 792 223 847 sd
240 789 341 846 multas
359 791 424 862 lupa
441 791 529 846 tendit
546 808 621 858 oues,
639 793 785 862 praedetur
802 799 833 848 ut
850 810 939 860 unam,

131 891 166 931 rso
214 877 251 931 ut
268 875 342 931 louis
359 877 387 930 in
405 877 506 931 multas
523 877 633 932 deuolat
650 878 707 934 ales
726 896 799 935 aues.

178 963 215 1019 Se
234 977 344 1033 quoque
362 962 408 1016 det
425 963 527 1032 populo
545 963 640 1018 mulier
658 965 784 1033 speciosa
802 965 953 1033 uidendam.

214 1050 299 1116 Quem
317 1048 417 1113 trahat,
435 1063 450 1102 e
468 1048 560 1104 multis
578 1048 694 1103 forsitan
712 1067 782 1104 unns
800 1050 858 1105 erit.

179 1132 313 1189 Omnibus
329 1133 376 1187 illa
392 1133 460 1188 locis
478 1137 587 1188 maneat
605 1135 729 1190 studiosa
744 1135 869 1205 placendi

215 1219 251 1274 Et
269 1234 360 1273 euram
377 1223 438 1273 tota
455 1225 545 1274 mente
562 1220 668 1274 decoris
688 1225 760 1289 agat.

131 1319 167 1358 ras
180 1305 270 1360 Casus
287 1304 388 1374 ubique
405 1303 486 1359 ualet.
505 1321 612 1374 semper
629 1305 677 1361 tibi
694 1307 813 1376 pendeat
830 1306 934 1361 hamus.

215 1389 276 1457 Quo
294 1389 402 1443 minime
421 1391 516 1446 eredas
534 1391 649 1460 gurgite,
667 1391 751 1460 piscis
770 1392 829 1446 erit.

180 1474 271 1545 Saepe
290 1490 372 1530 eanes
390 1475 491 1530 frustra
509 1476 659 1531 nemorosis
678 1477 814 1532 montibus
833 1482 930 1543 errant,

214 1560 301 1630 lnque
318 1559 428 1630 plagam
446 1561 520 1615 nullo
538 1577 635 1616 ceruus
654 1565 752 1631 agente
770 1562 851 1617 uenit.

178 1645 252 1713 Quid
270 1646 357 1700 minus
376 1645 564 1701 Andromedae
581 1646 671 1701 iuerat
688 1663 799 1717 sperare
816 1647 954 1703 reuinetae

131 1745 165 1786 nee
214 1731 302 1799 Quam
320 1730 445 1786 lacrimas
464 1731 510 1786 ulli
528 1749 612 1803 posse
629 1732 738 1803 plaeere
756 1734 838 1789 suas?

174 1818 283 1872 Funere
300 1834 383 1888 saepe
402 1818 452 1871 uiri
470 1819 512 1871 uir
530 1818 676 1889 quaeritur.
694 1821 732 1873 ire
751 1819 847 1875 solutis

212 1903 337 1958 Crinibus
355 1908 383 1957 et
398 1902 479 1959 fletus
498 1920 552 1958 non
569 1905 690 1959 tenuisse
709 1905 795 1960 decet.

180 1988 236 2044 Sed
254 1988 339 2043 nitate
356 1988 431 2043 uiros
449 1989 549 2044 cultum
567 1989 737 2060 formamque
754 1990 896 2060 professos

212 2074 319 2145 Quique
337 2090 401 2129 suas
419 2079 525 2144 ponunt
541 2075 570 2128 in
588 2075 706 2129 statione
724 2092 826 2129 eomas.

131 2171 164 2210 ras
178 2161 256 2227 Quae
273 2159 351 2215 uobis
370 2160 469 2225 dieunt,
489 2160 614 2214 dixerunt
631 2161 703 2215 mille
721 2160 826 2231 puellis.

211 2245 292 2299 Errat
309 2248 337 2299 et
353 2245 380 2299 in
399 2244 473 2299 nulla
490 2245 556 2300 sede
574 2250 694 2300 moratur
711 2263 795 2300 amor.

178 2330 292 2386 Femina
310 2331 374 2401 quid
391 2329 482 2397 faeiat
501 2347 562 2384 eum
581 2331 617 2385 sit
635 2333 676 2385 uir
693 2331 779 2385 leuior
796 2331 858 2400 ipsa

211 2416 338 2471 Forsitan
355 2421 383 2470 et
401 2416 491 2486 plures
510 2417 599 2486 possit
617 2415 717 2471 habere
735 2416 828 2471 uiros?

174 2502 226 2558 Vix
245 2502 309 2556 mihi
328 2502 451 2567 credetis,
470 2502 519 2557 sed
538 2501 648 2556 credite.
667 2502 750 2556 Troia
768 2509 895 2569 maneret,

131 2597 164 2637 ree
212 2588 368 2657 Praeceptis
386 2586 483 2642 Priami
502 2587 524 2642 si
543 2586 614 2641 foret
631 2604 683 2642 usa
700 2588 750 2643 sui.

178 2674 251 2729 Sunt
266 2673 314 2744 qui
332 2673 456 2727 mendaci
474 2673 566 2742 speeie
584 2678 743 2741 grassentur
761 2673 861 2727 amoris

210 2759 316 2829 Perque
334 2758 424 2813 aditus
442 2758 504 2812 talis
522 2757 599 2812 luera
616 2759 744 2827 pudenda
762 2762 866 2827 petant.

174 2844 231 2899 Nee
249 2859 328 2899 eoma
345 2858 395 2898 nos
413 2842 491 2897 fallat
509 2842 612 2912 liquido
630 2842 791 2897 nitidissima
810 2844 895 2898 nardo

209 2929 265 2985 Nee
283 2929 373 2984 breuis
389 2929 417 2982 -in
436 2943 518 2996 rugas
536 2927 640 2996 lingula
656 2943 752 2997 pressa
770 2943 844 2993 snas
