<?xml version="1.0" encoding="UTF-8"?>
<!DOCTYPE html PUBLIC "-//W3C//DTD XHTML 1.0 Transitional//EN"
    "http://www.w3.org/TR/xhtml1/DTD/xhtml1-transitional.dtd">
<html xmlns="http://www.w3.org/1999/xhtml" xml:lang="en" lang="en">
 <head>
  <title>
</title>
<meta http-equiv="Content-Type" content="text/html;charset=utf-8" />
  <meta name='ocr-system' content='tesseract 3.04.00' />
  <meta name='ocr-capabilities' content='ocr_page ocr_carea ocr_par ocr_line ocrx_word'/>
</head>
<body>
  <div class='ocr_page' id='page_1' title='image "./povidiinasonisc00mlgoog_0065.png"; bbox 0 0 2375 3575; ppageno 0'>
   <div class='ocr_carea' id='block_1_1' title="bbox 465 459 950 519">
    <p class='ocr_par' dir='ltr' id='par_1_1' title="bbox 465 459 950 519">
     <span class='ocr_line' id='line_1_1' title="bbox 465 459 950 519; baseline -0.008 -1"><span class='ocrx_word' id='word_1_1' title='bbox 465 484 513 519; x_wconf 75' lang='lat' dir='ltr'><strong>sris</strong></span> <span class='ocrx_word' id='word_1_2' title='bbox 526 484 667 519; x_wconf 69' lang='lat' dir='ltr'><strong>sna-cam.</strong></span> <span class='ocrx_word' id='word_1_3' title='bbox 917 459 950 514; x_wconf 80' lang='grc'><strong>57</strong></span> 
     </span>
    </p>
   </div>
   <div class='ocr_carea' id='block_1_2' title="bbox 129 606 1003 2650">
    <p class='ocr_par' dir='ltr' id='par_1_2' title="bbox 129 606 926 1197">
     <span class='ocr_line' id='line_1_2' title="bbox 129 606 901 686; baseline -0.006 -15"><span class='ocrx_word' id='word_1_4' title='bbox 129 615 269 681; x_wconf 71' lang='lat' dir='ltr'><strong>mandrie,</strong></span> <span class='ocrx_word' id='word_1_5' title='bbox 288 614 361 686; x_wconf 87' lang='lat' dir='ltr'><strong>qnod</strong></span> <span class='ocrx_word' id='word_1_6' title='bbox 379 618 422 669; x_wconf 85' lang='lat' dir='ltr'><strong>est</strong></span> <span class='ocrx_word' id='word_1_7' title='bbox 438 612 492 669; x_wconf 89' lang='lat' dir='ltr'><strong>illis</strong></span> <span class='ocrx_word' id='word_1_8' title='bbox 510 606 624 683; x_wconf 85' lang='lat' dir='ltr'><strong>opernm</strong></span> <span class='ocrx_word' id='word_1_9' title='bbox 641 613 786 683; x_wconf 83' lang='lat' dir='ltr'><strong>prudentia</strong></span> <span class='ocrx_word' id='word_1_10' title='bbox 803 613 901 679; x_wconf 86' lang='lat' dir='ltr'><strong>maior,</strong></span> 
     </span>
     <span class='ocr_line' id='line_1_3' title="bbox 187 690 821 769; baseline -0.005 -14"><span class='ocrx_word' id='word_1_11' title='bbox 187 699 190 703; x_wconf 80' lang='lat'>&#39;</span> <span class='ocrx_word' id='word_1_12' title='bbox 216 699 300 756; x_wconf 89' lang='lat' dir='ltr'><strong>Solus</strong></span> <span class='ocrx_word' id='word_1_13' title='bbox 318 690 347 754; x_wconf 88' lang='lat' dir='ltr'><strong>et</strong></span> <span class='ocrx_word' id='word_1_14' title='bbox 364 698 482 754; x_wconf 84' lang='lat' dir='ltr'><strong>artifices</strong></span> <span class='ocrx_word' id='word_1_15' title='bbox 499 698 546 769; x_wconf 91' lang='lat' dir='ltr'><strong>qni</strong></span> <span class='ocrx_word' id='word_1_16' title='bbox 564 698 631 753; x_wconf 79' lang='lat' dir='ltr'><strong>facit</strong></span> <span class='ocrx_word' id='word_1_17' title='bbox 648 715 715 754; x_wconf 86' lang='lat' dir='ltr'><strong>nans</strong></span> <span class='ocrx_word' id='word_1_18' title='bbox 733 698 821 753; x_wconf 88' lang='lat' dir='ltr'><strong>adest.</strong></span> 
     </span>
     <span class='ocr_line' id='line_1_4' title="bbox 180 784 851 854; baseline -0.004 -14"><span class='ocrx_word' id='word_1_19' title='bbox 180 786 249 841; x_wconf 89' lang='lat' dir='ltr'><strong>lllae</strong></span> <span class='ocrx_word' id='word_1_20' title='bbox 266 784 405 840; x_wconf 81' lang='lat' dir='ltr'><strong>munditiis</strong></span> <span class='ocrx_word' id='word_1_21' title='bbox 423 801 554 839; x_wconf 80' lang='lat' dir='ltr'><strong>annorum</strong></span> <span class='ocrx_word' id='word_1_22' title='bbox 573 784 673 839; x_wconf 89' lang='lat' dir='ltr'><strong>damna</strong></span> <span class='ocrx_word' id='word_1_23' title='bbox 690 784 851 854; x_wconf 81' lang='lat' dir='ltr'><strong>rependunt,</strong></span> 
     </span>
     <span class='ocr_line' id='line_1_5' title="bbox 217 870 773 935; baseline -0.013 -10"><span class='ocrx_word' id='word_1_24' title='bbox 217 871 253 925; x_wconf 81' lang='lat' dir='ltr'><strong>ut</strong></span> <span class='ocrx_word' id='word_1_25' title='bbox 269 870 374 925; x_wconf 83' lang='lat' dir='ltr'><strong>faciunt</strong></span> <span class='ocrx_word' id='word_1_26' title='bbox 390 886 462 935; x_wconf 65' lang='lat' dir='ltr'><strong>cura,</strong></span> <span class='ocrx_word' id='word_1_27' title='bbox 481 886 516 924; x_wconf 93' lang='lat' dir='ltr'><strong>ne</strong></span> <span class='ocrx_word' id='word_1_28' title='bbox 533 870 678 925; x_wconf 87' lang='lat' dir='ltr'><strong>uideantur</strong></span> <span class='ocrx_word' id='word_1_29' title='bbox 696 885 773 924; x_wconf 90' lang='lat' dir='ltr'><strong>anus.</strong></span> 
     </span>
     <span class='ocr_line' id='line_1_6' title="bbox 181 953 926 1027; baseline -0.001 -16"><span class='ocrx_word' id='word_1_30' title='bbox 181 957 273 1027; x_wconf 88' lang='lat' dir='ltr'><strong>thue</strong></span> <span class='ocrx_word' id='word_1_31' title='bbox 291 956 366 1022; x_wconf 87' lang='lat' dir='ltr'><strong>uelis,</strong></span> <span class='ocrx_word' id='word_1_32' title='bbox 384 971 510 1010; x_wconf 89' lang='lat' dir='ltr'><strong>uenerem</strong></span> <span class='ocrx_word' id='word_1_33' title='bbox 528 955 645 1025; x_wconf 86' lang='lat' dir='ltr'><strong>iungunt</strong></span> <span class='ocrx_word' id='word_1_34' title='bbox 662 972 710 1025; x_wconf 92' lang='lat' dir='ltr'><strong>per</strong></span> <span class='ocrx_word' id='word_1_35' title='bbox 728 953 800 1010; x_wconf 90' lang='lat' dir='ltr'><strong>mille</strong></span> <span class='ocrx_word' id='word_1_36' title='bbox 817 954 926 1024; x_wconf 85' lang='lat' dir='ltr'><strong>figuras.</strong></span> 
     </span>
     <span class='ocr_line' id='line_1_7' title="bbox 129 1040 765 1111; baseline -0.003 -14"><span class='ocrx_word' id='word_1_37' title='bbox 129 1059 168 1097; x_wconf 76' lang='lat' dir='ltr'><strong>eso</strong></span> <span class='ocrx_word' id='word_1_38' title='bbox 216 1041 325 1096; x_wconf 90' lang='lat' dir='ltr'><strong>Inuenit</strong></span> <span class='ocrx_word' id='word_1_39' title='bbox 341 1041 433 1111; x_wconf 86' lang='lat' dir='ltr'><strong>plures</strong></span> <span class='ocrx_word' id='word_1_40' title='bbox 450 1040 526 1096; x_wconf 90' lang='lat' dir='ltr'><strong>nulla</strong></span> <span class='ocrx_word' id='word_1_41' title='bbox 543 1040 643 1095; x_wconf 86' lang='lat' dir='ltr'><strong>tabella</strong></span> <span class='ocrx_word' id='word_1_42' title='bbox 661 1042 765 1095; x_wconf 88' lang='lat' dir='ltr'><strong>modos.</strong></span> 
     </span>
     <span class='ocr_line' id='line_1_8' title="bbox 180 1125 728 1197; baseline -0.004 -16"><span class='ocrx_word' id='word_1_43' title='bbox 180 1127 239 1182; x_wconf 88' lang='lat' dir='ltr'><strong>lllis</strong></span> <span class='ocrx_word' id='word_1_44' title='bbox 256 1126 373 1182; x_wconf 78' lang='lat' dir='ltr'><strong>sentitur</strong></span> <span class='ocrx_word' id='word_1_45' title='bbox 391 1142 446 1181; x_wconf 93' lang='lat' dir='ltr'><strong>non</strong></span> <span class='ocrx_word' id='word_1_46' title='bbox 463 1126 574 1181; x_wconf 83' lang='lat' dir='ltr'><strong>inritata</strong></span> <span class='ocrx_word' id='word_1_47' title='bbox 592 1125 728 1197; x_wconf 80' lang='lat' dir='ltr'><strong>uoluptas,</strong></span> 
     </span>
    </p>

    <p class='ocr_par' dir='ltr' id='par_1_3' title="bbox 129 1210 900 1539">
     <span class='ocr_line' id='line_1_9' title="bbox 216 1210 900 1282; baseline -0.003 -15"><span class='ocrx_word' id='word_1_48' title='bbox 216 1212 297 1281; x_wconf 86' lang='lat' dir='ltr'><strong>Quod</strong></span> <span class='ocrx_word' id='word_1_49' title='bbox 313 1212 395 1277; x_wconf 90' lang='lat' dir='ltr'><strong>iuuet,</strong></span> <span class='ocrx_word' id='word_1_50' title='bbox 415 1228 448 1265; x_wconf 80' lang='lat' dir='ltr'><strong>eu</strong></span> <span class='ocrx_word' id='word_1_51' title='bbox 466 1227 554 1282; x_wconf 85' lang='lat' dir='ltr'><strong>aequo</strong></span> <span class='ocrx_word' id='word_1_52' title='bbox 572 1210 674 1266; x_wconf 87' lang='lat' dir='ltr'><strong>iemina</strong></span> <span class='ocrx_word' id='word_1_53' title='bbox 691 1212 787 1281; x_wconf 89' lang='lat' dir='ltr'><strong>uirque</strong></span> <span class='ocrx_word' id='word_1_54' title='bbox 804 1211 900 1265; x_wconf 84' lang='lat' dir='ltr'><strong>ierant.</strong></span> 
     </span>
     <span class='ocr_line' id='line_1_10' title="bbox 181 1297 892 1368; baseline -0.007 -13"><span class='ocrx_word' id='word_1_55' title='bbox 181 1298 235 1355; x_wconf 84' lang='lat' dir='ltr'><strong>oui</strong></span> <span class='ocrx_word' id='word_1_56' title='bbox 252 1297 421 1363; x_wconf 77' lang='lat' dir='ltr'><strong>concubitus,</strong></span> <span class='ocrx_word' id='word_1_57' title='bbox 441 1297 560 1368; x_wconf 91' lang='lat' dir='ltr'><strong>quinon</strong></span> <span class='ocrx_word' id='word_1_58' title='bbox 579 1302 724 1366; x_wconf 88' lang='lat' dir='ltr'><strong>utrumque</strong></span> <span class='ocrx_word' id='word_1_59' title='bbox 743 1297 892 1352; x_wconf 87' lang='lat' dir='ltr'><strong>resoluunt.</strong></span> 
     </span>
     <span class='ocr_line' id='line_1_11' title="bbox 215 1382 849 1454; baseline 0 -17"><span class='ocrx_word' id='word_1_60' title='bbox 215 1383 276 1437; x_wconf 89' lang='lat' dir='ltr'><strong>Hoc</strong></span> <span class='ocrx_word' id='word_1_61' title='bbox 294 1386 343 1447; x_wconf 76' lang='lat' dir='ltr'><strong>est</strong></span> <span class='ocrx_word' id='word_1_62' title='bbox 363 1398 410 1437; x_wconf 91' lang='lat' dir='ltr'><strong>cur</strong></span> <span class='ocrx_word' id='word_1_63' title='bbox 428 1384 505 1454; x_wconf 89' lang='lat' dir='ltr'><strong>pueri</strong></span> <span class='ocrx_word' id='word_1_64' title='bbox 523 1385 622 1451; x_wconf 86' lang='lat' dir='ltr'><strong>tangar</strong></span> <span class='ocrx_word' id='word_1_65' title='bbox 641 1398 734 1436; x_wconf 91' lang='lat' dir='ltr'><strong>amore</strong></span> <span class='ocrx_word' id='word_1_66' title='bbox 751 1382 849 1437; x_wconf 89' lang='lat' dir='ltr'><strong>minus.</strong></span> 
     </span>
     <span class='ocr_line' id='line_1_12' title="bbox 129 1467 898 1539; baseline 0.001 -17"><span class='ocrx_word' id='word_1_67' title='bbox 129 1468 236 1524; x_wconf 77' lang='grc'><strong>1110111</strong></span> <span class='ocrx_word' id='word_1_68' title='bbox 253 1484 325 1539; x_wconf 88' lang='lat' dir='ltr'><strong>quae</strong></span> <span class='ocrx_word' id='word_1_69' title='bbox 342 1469 466 1538; x_wconf 79' lang='lat' dir='ltr'><strong>praebet,</strong></span> <span class='ocrx_word' id='word_1_70' title='bbox 486 1468 551 1539; x_wconf 88' lang='lat' dir='ltr'><strong>quia</strong></span> <span class='ocrx_word' id='word_1_71' title='bbox 569 1467 607 1523; x_wconf 88' lang='lat' dir='ltr'><strong>sit</strong></span> <span class='ocrx_word' id='word_1_72' title='bbox 624 1468 755 1537; x_wconf 88' lang='lat' dir='ltr'><strong>praebere</strong></span> <span class='ocrx_word' id='word_1_73' title='bbox 773 1484 898 1534; x_wconf 85' lang='lat' dir='ltr'><strong>necesse,</strong></span> 
     </span>
    </p>

    <p class='ocr_par' dir='ltr' id='par_1_4' title="bbox 129 1553 1003 2650">
     <span class='ocr_line' id='line_1_13' title="bbox 217 1553 759 1624; baseline -0.007 -15"><span class='ocrx_word' id='word_1_74' title='bbox 217 1553 351 1623; x_wconf 74' lang='lat' dir='ltr'><strong>Siccaque</strong></span> <span class='ocrx_word' id='word_1_75' title='bbox 368 1553 403 1609; x_wconf 84' lang='lat' dir='ltr'><strong>do</strong></span> <span class='ocrx_word' id='word_1_76' title='bbox 420 1553 484 1609; x_wconf 90' lang='lat' dir='ltr'><strong>lana</strong></span> <span class='ocrx_word' id='word_1_77' title='bbox 501 1553 605 1622; x_wconf 82' lang='lat' dir='ltr'><strong>cogitat</strong></span> <span class='ocrx_word' id='word_1_78' title='bbox 622 1553 684 1624; x_wconf 88' lang='lat' dir='ltr'><strong>ipsa</strong></span> <span class='ocrx_word' id='word_1_79' title='bbox 702 1569 759 1608; x_wconf 87' lang='lat' dir='ltr'><strong>sua.</strong></span> 
     </span>
     <span class='ocr_line' id='line_1_14' title="bbox 181 1639 940 1710; baseline 0.003 -17"><span class='ocrx_word' id='word_1_80' title='bbox 181 1640 259 1708; x_wconf 86' lang='lat' dir='ltr'><strong>Quae</strong></span> <span class='ocrx_word' id='word_1_81' title='bbox 277 1639 357 1693; x_wconf 83' lang='lat' dir='ltr'><strong>datur</strong></span> <span class='ocrx_word' id='word_1_82' title='bbox 373 1639 471 1705; x_wconf 83' lang='lat' dir='ltr'><strong>officio,</strong></span> <span class='ocrx_word' id='word_1_83' title='bbox 490 1655 545 1693; x_wconf 88' lang='lat' dir='ltr'><strong>non</strong></span> <span class='ocrx_word' id='word_1_84' title='bbox 563 1645 607 1693; x_wconf 83' lang='lat' dir='ltr'><strong>est</strong></span> <span class='ocrx_word' id='word_1_85' title='bbox 625 1640 689 1694; x_wconf 90' lang='lat' dir='ltr'><strong>mihi</strong></span> <span class='ocrx_word' id='word_1_86' title='bbox 708 1646 786 1709; x_wconf 86' lang='lat' dir='ltr'><strong>grata</strong></span> <span class='ocrx_word' id='word_1_87' title='bbox 803 1639 940 1710; x_wconf 83' lang='lat' dir='ltr'><strong>uoluptas.</strong></span> 
     </span>
     <span class='ocr_line' id='line_1_15' title="bbox 217 1723 735 1795; baseline 0 -16"><span class='ocrx_word' id='word_1_88' title='bbox 217 1723 341 1779; x_wconf 83' lang='lat' dir='ltr'><strong>Officium</strong></span> <span class='ocrx_word' id='word_1_89' title='bbox 358 1724 443 1779; x_wconf 87' lang='lat' dir='ltr'><strong>faciat</strong></span> <span class='ocrx_word' id='word_1_90' title='bbox 461 1724 534 1780; x_wconf 90' lang='lat' dir='ltr'><strong>nulla</strong></span> <span class='ocrx_word' id='word_1_91' title='bbox 550 1723 643 1795; x_wconf 92' lang='lat' dir='ltr'><strong>puella</strong></span> <span class='ocrx_word' id='word_1_92' title='bbox 662 1725 735 1779; x_wconf 82' lang='lat' dir='ltr'><strong>inibi.</strong></span> 
     </span>
     <span class='ocr_line' id='line_1_16' title="bbox 181 1811 838 1880; baseline 0 -14"><span class='ocrx_word' id='word_1_93' title='bbox 181 1812 225 1866; x_wconf 82' lang='lat' dir='ltr'><strong>bie</strong></span> <span class='ocrx_word' id='word_1_94' title='bbox 242 1827 326 1866; x_wconf 89' lang='lat' dir='ltr'><strong>uoces</strong></span> <span class='ocrx_word' id='word_1_95' title='bbox 344 1811 437 1865; x_wconf 83' lang='lat' dir='ltr'><strong>audire</strong></span> <span class='ocrx_word' id='word_1_96' title='bbox 454 1811 532 1865; x_wconf 89' lang='lat' dir='ltr'><strong>iuuat</strong></span> <span class='ocrx_word' id='word_1_97' title='bbox 548 1815 600 1865; x_wconf 82' lang='lat' dir='ltr'><strong>su&#39;a</strong></span> <span class='ocrx_word' id='word_1_98' title='bbox 617 1811 719 1880; x_wconf 86' lang='lat' dir='ltr'><strong>gaudia</strong></span> <span class='ocrx_word' id='word_1_99' title='bbox 735 1811 838 1876; x_wconf 83' lang='lat' dir='ltr'><strong>fassas,</strong></span> 
     </span>
     <span class='ocr_line' id='line_1_17' title="bbox 129 1896 849 1967; baseline 0.001 -17"><span class='ocrx_word' id='word_1_100' title='bbox 129 1909 166 1949; x_wconf 78' lang='lat' dir='ltr'><strong>oso</strong></span> <span class='ocrx_word' id='word_1_101' title='bbox 215 1897 304 1966; x_wconf 90' lang='lat' dir='ltr'><strong>thue</strong></span> <span class='ocrx_word' id='word_1_102' title='bbox 321 1913 409 1950; x_wconf 88' lang='lat' dir='ltr'><strong>morer</strong></span> <span class='ocrx_word' id='word_1_103' title='bbox 425 1902 526 1951; x_wconf 90' lang='lat' dir='ltr'><strong>memet</strong></span> <span class='ocrx_word' id='word_1_104' title='bbox 543 1896 747 1967; x_wconf 81' lang='lat' dir='ltr'><strong>sustineamque</strong></span> <span class='ocrx_word' id='word_1_105' title='bbox 765 1902 849 1966; x_wconf 82' lang='lat' dir='ltr'><strong>roget.</strong></span> 
     </span>
     <span class='ocr_line' id='line_1_18' title="bbox 178 1981 838 2052; baseline -0.002 -15"><span class='ocrx_word' id='word_1_106' title='bbox 178 1981 321 2052; x_wconf 81' lang='lat' dir='ltr'><strong>Aspiciam</strong></span> <span class='ocrx_word' id='word_1_107' title='bbox 339 1981 463 2035; x_wconf 89' lang='lat' dir='ltr'><strong>dominae</strong></span> <span class='ocrx_word' id='word_1_108' title='bbox 482 1981 571 2036; x_wconf 90' lang='lat' dir='ltr'><strong>uictos</strong></span> <span class='ocrx_word' id='word_1_109' title='bbox 592 1983 709 2037; x_wconf 88' lang='lat' dir='ltr'><strong>amentis</strong></span> <span class='ocrx_word' id='word_1_110' title='bbox 728 1982 838 2038; x_wconf 90' lang='lat' dir='ltr'><strong>ocellos.</strong></span> 
     </span>
     <span class='ocr_line' id='line_1_19' title="bbox 214 2066 776 2136; baseline 0 -15"><span class='ocrx_word' id='word_1_111' title='bbox 214 2066 357 2136; x_wconf 75' lang='lat' dir='ltr'><strong>langueat</strong></span> <span class='ocrx_word' id='word_1_112' title='bbox 374 2069 402 2120; x_wconf 89' lang='lat' dir='ltr'><strong>et</strong></span> <span class='ocrx_word' id='word_1_113' title='bbox 418 2067 495 2135; x_wconf 82' lang='lat' dir='ltr'><strong>tangi</strong></span> <span class='ocrx_word' id='word_1_114' title='bbox 514 2083 544 2122; x_wconf 90' lang='lat' dir='ltr'><strong>se</strong></span> <span class='ocrx_word' id='word_1_115' title='bbox 564 2070 639 2122; x_wconf 89' lang='lat' dir='ltr'><strong>uetet</strong></span> <span class='ocrx_word' id='word_1_116' title='bbox 658 2067 704 2122; x_wconf 85' lang='lat' dir='ltr'><strong>illa</strong></span> <span class='ocrx_word' id='word_1_117' title='bbox 722 2067 776 2122; x_wconf 83' lang='lat' dir='ltr'><strong>diu.</strong></span> 
     </span>
     <span class='ocr_line' id='line_1_20' title="bbox 178 2152 923 2222; baseline -0.001 -14"><span class='ocrx_word' id='word_1_118' title='bbox 178 2153 258 2208; x_wconf 86' lang='lat' dir='ltr'><strong>Haec</strong></span> <span class='ocrx_word' id='word_1_119' title='bbox 274 2152 347 2207; x_wconf 91' lang='lat' dir='ltr'><strong>bona</strong></span> <span class='ocrx_word' id='word_1_120' title='bbox 364 2168 419 2206; x_wconf 93' lang='lat' dir='ltr'><strong>non</strong></span> <span class='ocrx_word' id='word_1_121' title='bbox 436 2152 540 2222; x_wconf 84' lang='lat' dir='ltr'><strong>primae</strong></span> <span class='ocrx_word' id='word_1_122' title='bbox 557 2152 651 2207; x_wconf 83' lang='lat' dir='ltr'><strong>tribuit</strong></span> <span class='ocrx_word' id='word_1_123' title='bbox 669 2158 766 2207; x_wconf 90' lang='lat' dir='ltr'><strong>natura</strong></span> <span class='ocrx_word' id='word_1_124' title='bbox 783 2153 923 2219; x_wconf 85' lang='lat' dir='ltr'><strong>iuuentae,</strong></span> 
     </span>
     <span class='ocr_line' id='line_1_21' title="bbox 214 2237 900 2308; baseline 0.001 -17"><span class='ocrx_word' id='word_1_125' title='bbox 214 2237 292 2306; x_wconf 81' lang='lat' dir='ltr'><strong>Quae</strong></span> <span class='ocrx_word' id='word_1_126' title='bbox 310 2237 364 2292; x_wconf 88' lang='lat' dir='ltr'><strong>cito</strong></span> <span class='ocrx_word' id='word_1_127' title='bbox 381 2242 446 2307; x_wconf 90' lang='lat' dir='ltr'><strong>post</strong></span> <span class='ocrx_word' id='word_1_128' title='bbox 463 2241 569 2308; x_wconf 87' lang='lat' dir='ltr'><strong>septem</strong></span> <span class='ocrx_word' id='word_1_129' title='bbox 587 2237 674 2292; x_wconf 88' lang='lat' dir='ltr'><strong>lustra</strong></span> <span class='ocrx_word' id='word_1_130' title='bbox 693 2238 784 2292; x_wconf 82' lang='lat' dir='ltr'><strong>uenire</strong></span> <span class='ocrx_word' id='word_1_131' title='bbox 803 2237 900 2293; x_wconf 88' lang='lat' dir='ltr'><strong>solent.</strong></span> 
     </span>
     <span class='ocr_line' id='line_1_22' title="bbox 129 2323 1003 2393; baseline 0.005 -19"><span class='ocrx_word' id='word_1_132' title='bbox 129 2335 166 2375; x_wconf 77' lang='lat' dir='ltr'><strong>coo</strong></span> <span class='ocrx_word' id='word_1_133' title='bbox 179 2324 233 2392; x_wconf 87' lang='lat' dir='ltr'><strong>Qui</strong></span> <span class='ocrx_word' id='word_1_134' title='bbox 244 2328 401 2393; x_wconf 90' lang='lat' dir='ltr'><strong>properant,</strong></span> <span class='ocrx_word' id='word_1_135' title='bbox 414 2339 486 2378; x_wconf 87' lang='lat' dir='ltr'><strong>noua</strong></span> <span class='ocrx_word' id='word_1_136' title='bbox 498 2327 588 2377; x_wconf 88' lang='lat' dir='ltr'><strong>musta</strong></span> <span class='ocrx_word' id='word_1_137' title='bbox 600 2323 701 2378; x_wconf 86' lang='lat' dir='ltr'><strong>bibant.</strong></span> <span class='ocrx_word' id='word_1_138' title='bbox 715 2323 778 2377; x_wconf 90' lang='lat' dir='ltr'><strong>mihi</strong></span> <span class='ocrx_word' id='word_1_139' title='bbox 792 2323 891 2379; x_wconf 84' lang='lat' dir='ltr'><strong>fundat</strong></span> <span class='ocrx_word' id='word_1_140' title='bbox 899 2324 1003 2378; x_wconf 87' lang='lat' dir='ltr'><strong>anitum</strong></span> 
     </span>
     <span class='ocr_line' id='line_1_23' title="bbox 214 2407 842 2478; baseline 0 -15"><span class='ocrx_word' id='word_1_141' title='bbox 214 2407 379 2463; x_wconf 78' lang='lat' dir='ltr'><strong>Consulibus</strong></span> <span class='ocrx_word' id='word_1_142' title='bbox 397 2407 494 2478; x_wconf 90' lang='lat' dir='ltr'><strong>priscis</strong></span> <span class='ocrx_word' id='word_1_143' title='bbox 513 2408 624 2463; x_wconf 91' lang='lat' dir='ltr'><strong>condita</strong></span> <span class='ocrx_word' id='word_1_144' title='bbox 641 2414 714 2464; x_wconf 87' lang='lat' dir='ltr'><strong>testa</strong></span> <span class='ocrx_word' id='word_1_145' title='bbox 732 2425 842 2463; x_wconf 90' lang='lat' dir='ltr'><strong>merum.</strong></span> 
     </span>
     <span class='ocr_line' id='line_1_24' title="bbox 178 2493 928 2564; baseline 0.003 -16"><span class='ocrx_word' id='word_1_146' title='bbox 178 2493 236 2548; x_wconf 87' lang='lat' dir='ltr'><strong>Nec</strong></span> <span class='ocrx_word' id='word_1_147' title='bbox 253 2494 381 2564; x_wconf 89' lang='lat' dir='ltr'><strong>platanus</strong></span> <span class='ocrx_word' id='word_1_148' title='bbox 400 2493 451 2548; x_wconf 89' lang='lat' dir='ltr'><strong>nisi</strong></span> <span class='ocrx_word' id='word_1_149' title='bbox 469 2509 531 2549; x_wconf 85' lang='lat' dir='ltr'><strong>sera</strong></span> <span class='ocrx_word' id='word_1_150' title='bbox 548 2499 641 2564; x_wconf 88' lang='lat' dir='ltr'><strong>potest</strong></span> <span class='ocrx_word' id='word_1_151' title='bbox 658 2494 791 2549; x_wconf 87' lang='lat' dir='ltr'><strong>obsistere</strong></span> <span class='ocrx_word' id='word_1_152' title='bbox 808 2495 928 2564; x_wconf 89' lang='lat' dir='ltr'><strong>phoebo,</strong></span> 
     </span>
     <span class='ocr_line' id='line_1_25' title="bbox 214 2578 820 2650; baseline 0.003 -18"><span class='ocrx_word' id='word_1_153' title='bbox 214 2578 251 2632; x_wconf 82' lang='lat' dir='ltr'><strong>nt</strong></span> <span class='ocrx_word' id='word_1_154' title='bbox 268 2578 379 2633; x_wconf 85' lang='lat' dir='ltr'><strong>laedunt</strong></span> <span class='ocrx_word' id='word_1_155' title='bbox 397 2579 485 2633; x_wconf 90' lang='lat' dir='ltr'><strong>nudos</strong></span> <span class='ocrx_word' id='word_1_156' title='bbox 503 2585 583 2648; x_wconf 86' lang='lat' dir='ltr'><strong>prata</strong></span> <span class='ocrx_word' id='word_1_157' title='bbox 601 2579 709 2634; x_wconf 88' lang='lat' dir='ltr'><strong>nouella</strong></span> <span class='ocrx_word' id='word_1_158' title='bbox 726 2580 820 2650; x_wconf 89' lang='lat' dir='ltr'><strong>pedes.</strong></span> 
     </span>
    </p>
   </div>
   <div class='ocr_carea' id='block_1_3' title="bbox 129 2664 927 2991">
    <p class='ocr_par' dir='ltr' id='par_1_5' title="bbox 129 2664 927 2991">
     <span class='ocr_line' id='line_1_26' title="bbox 179 2664 927 2736; baseline 0.003 -17"><span class='ocrx_word' id='word_1_159' title='bbox 179 2664 293 2719; x_wconf 84' lang='lat' dir='ltr'><strong>Scilicet</strong></span> <span class='ocrx_word' id='word_1_160' title='bbox 309 2664 473 2719; x_wconf 89' lang='lat' dir='ltr'><strong>Hermionen</strong></span> <span class='ocrx_word' id='word_1_161' title='bbox 492 2665 612 2718; x_wconf 85' lang='lat' dir='ltr'><strong>Helenae</strong></span> <span class='ocrx_word' id='word_1_162' title='bbox 629 2681 799 2736; x_wconf 87' lang='lat' dir='ltr'><strong>praeponere</strong></span> <span class='ocrx_word' id='word_1_163' title='bbox 818 2683 927 2735; x_wconf 85' lang='lat' dir='ltr'><strong>posses,</strong></span> 
     </span>
     <span class='ocr_line' id='line_1_27' title="bbox 129 2749 839 2821; baseline 0.004 -20"><span class='ocrx_word' id='word_1_164' title='bbox 129 2764 165 2802; x_wconf 79' lang='lat' dir='ltr'><strong>roo</strong></span> <span class='ocrx_word' id='word_1_165' title='bbox 214 2749 251 2804; x_wconf 84' lang='lat' dir='ltr'><strong>nt</strong></span> <span class='ocrx_word' id='word_1_166' title='bbox 268 2749 362 2804; x_wconf 89' lang='lat' dir='ltr'><strong>melior</strong></span> <span class='ocrx_word' id='word_1_167' title='bbox 374 2750 471 2820; x_wconf 78' lang='lat' dir='ltr'><strong>¹Gorge</strong></span> <span class='ocrx_word' id='word_1_168' title='bbox 489 2766 572 2821; x_wconf 88' lang='lat' dir='ltr'><strong>quarn</strong></span> <span class='ocrx_word' id='word_1_169' title='bbox 590 2767 642 2805; x_wconf 90' lang='lat' dir='ltr'><strong>sua</strong></span> <span class='ocrx_word' id='word_1_170' title='bbox 660 2756 746 2805; x_wconf 86' lang='lat' dir='ltr'><strong>mator</strong></span> <span class='ocrx_word' id='word_1_171' title='bbox 764 2752 839 2805; x_wconf 78' lang='lat' dir='ltr'><strong>erat?</strong></span> 
     </span>
     <span class='ocr_line' id='line_1_28' title="bbox 178 2834 915 2906; baseline 0.001 -16"><span class='ocrx_word' id='word_1_172' title='bbox 178 2838 216 2890; x_wconf 81' lang='lat' dir='ltr'><strong>At</strong></span> <span class='ocrx_word' id='word_1_173' title='bbox 235 2850 361 2890; x_wconf 89' lang='lat' dir='ltr'><strong>uenerem</strong></span> <span class='ocrx_word' id='word_1_174' title='bbox 379 2836 543 2906; x_wconf 89' lang='lat' dir='ltr'><strong>quicumque</strong></span> <span class='ocrx_word' id='word_1_175' title='bbox 562 2834 637 2890; x_wconf 88' lang='lat' dir='ltr'><strong>uoles</strong></span> <span class='ocrx_word' id='word_1_176' title='bbox 656 2836 796 2903; x_wconf 85' lang='lat' dir='ltr'><strong>adtingere</strong></span> <span class='ocrx_word' id='word_1_177' title='bbox 815 2853 915 2903; x_wconf 88' lang='lat' dir='ltr'><strong>seram,</strong></span> 
     </span>
     <span class='ocr_line' id='line_1_29' title="bbox 215 2920 812 2991; baseline 0 -18"><span class='ocrx_word' id='word_1_178' title='bbox 215 2920 245 2974; x_wconf 91' lang='lat' dir='ltr'><strong>Si</strong></span> <span class='ocrx_word' id='word_1_179' title='bbox 262 2920 343 2976; x_wconf 86' lang='lat' dir='ltr'><strong>modo</strong></span> <span class='ocrx_word' id='word_1_180' title='bbox 361 2920 475 2986; x_wconf 73' lang='lat' dir='ltr'><strong>dureris,</strong></span> <span class='ocrx_word' id='word_1_181' title='bbox 492 2921 615 2990; x_wconf 90' lang='lat' dir='ltr'><strong>praemia</strong></span> <span class='ocrx_word' id='word_1_182' title='bbox 631 2921 715 2991; x_wconf 83' lang='lat' dir='ltr'><strong>digna</strong></span> <span class='ocrx_word' id='word_1_183' title='bbox 732 2921 812 2976; x_wconf 87' lang='lat' dir='ltr'><strong>feres.</strong></span> 
     </span>
    </p>
   </div>
   <div class='ocr_carea' id='block_1_4' title="bbox 0 0 1192 3575">
    <p class='ocr_par' dir='ltr' id='par_1_6' title="bbox 0 0 1192 3575">
     <span class='ocr_line' id='line_1_30' title="bbox 0 0 1192 3575; baseline 0 0"><span class='ocrx_word' id='word_1_184' title='bbox 0 0 1192 3575; x_wconf 95' lang='lat' dir='ltr'><strong> </strong></span> 
     </span>
    </p>
   </div>
  </div>
 </body>
</html>
