2375 3575
451 430 499 465 aas
514 430 659 465 amineam.
916 412 949 466 63

175 568 264 634 Adde,
283 566 357 638 quod
374 569 402 621 et
418 568 514 636 partus
531 564 637 619 faciunt
654 565 779 620 breuiora
796 564 923 619 iuuentae

211 653 355 722 Tempora
374 650 503 706 continua
520 665 609 705 messe
627 650 745 705 senescit
762 665 835 719 ager.

176 737 301 794 Latmius
318 735 471 807 Endymion
489 752 544 790 non
562 735 679 802 esttibi,
696 735 780 801 Luna,
799 735 897 801 rubori,

212 823 269 879 Neo
287 821 423 891 Cephalus
440 836 537 876 roseae
553 821 659 891 praeda
676 821 804 892 pudenda
822 821 898 875 deae.

134 925 164 965 aa
178 910 214 965 Vt
231 908 335 973 Veneri,
354 923 436 978 quem
453 905 529 975 luget
546 906 645 971 adhue,
665 907 780 962 donetur
797 906 914 971 Adonis,

212 993 290 1048 Vnde
306 990 390 1048 habet
406 994 518 1047 Aenean
535 992 768 1062 Harmoniamque
786 993 869 1047 suos?

170 1081 220 1136 ,Ite
237 1095 288 1149 per
305 1078 464 1147 exemplum,
483 1077 570 1146 genus
588 1094 605 1131 0
623 1076 743 1144 mortale,
763 1079 881 1143 dearum,

214 1163 322 1221 Gaudia
339 1180 389 1218 nee
407 1162 513 1233 cupidis
531 1165 624 1218 uestra
642 1167 740 1232 negate
759 1163 830 1217 uiris.

179 1251 215 1306 Vt
232 1249 286 1304 iam
305 1248 450 1320 decipiant,
470 1248 536 1319 qnid
552 1248 687 1318 perditis?
706 1238 798 1304 omnia
816 1254 950 1304 constant.

139 1353 166 1391 oo
215 1334 286 1389 Mille
302 1334 367 1388 licet
384 1337 501 1399 sumant,
520 1334 625 1404 deperit
642 1334 707 1388 inde'
724 1334 797 1388 nihil.

180 1420 337 1476 Conteritur
354 1420 461 1485 ferrum,
480 1418 570 1474 silices
589 1422 736 1474 tenuantur
755 1420 787 1474 ab
806 1437 865 1475 usu.

216 1506 323 1562 Sufficit
340 1507 368 1559 et
384 1504 477 1559 damni
494 1521 558 1574 pars
576 1509 651 1560 caret
668 1505 714 1560 illa
732 1509 813 1559 metu.

180 1592 249 1661 Quis
267 1594 342 1646 uetet
359 1590 486 1660 adposito
503 1590 594 1644 lumen
613 1592 648 1645 de
666 1589 767 1645 lumine
785 1591 871 1647 sumi?

216 1676 318 1745 Quisue
337 1692 405 1731 oauo
424 1678 518 1730 uastas
536 1675 564 1729 in
582 1692 656 1730 mare
674 1680 765 1731 seruet
783 1677 888 1748 aquas?

141 1763 217 1818 00111
233 1766 327 1817 tamen
344 1760 399 1817 ulia
418 1761 475 1816 uiro
493 1759 588 1816 mulier
607 1768 669 1817 ‘non
686 1762 803 1833 expedit'
820 1762 925 1835 inquit?

216 1849 295 1917 Quid,
314 1847 366 1902 nisi
385 1864 467 1918 quam
484 1864 592 1914 sumes,
603 1847 647 1902 die
665 1848 737 1914 mihi,
756 1849 848 1918 perdis
867 1849 985 1919 aquam?

180 1936 237 1990 Nee
255 1950 306 1988 uos
324 1932 465 2002 prostituit
482 1949 543 1987 mea
560 1949 622 1987 uox.
641 1933 691 1988 sed
709 1950 781 2011 uana
798 1935 892 1989 timere

216 2021 324 2075 Damna
342 2022 424 2072 uetat
443 2018 549 2074 damnis
568 2035 680 2073 munera
697 2023 790 2073 uestra
808 2023 907 2074 carent.

182 2105 239 2161 Sed
256 2121 299 2159 me
316 2104 469 2159 flaminibus
488 2104 562 2158 uenti
582 2104 690 2160 maioris
708 2105 814 2170 iturum,

133 2205 170 2243 roo
219 2191 289 2244 Dum
306 2205 400 2245 sumus
418 2189 447 2243 in
464 2194 552 2259 portu,
571 2190 706 2259 prouehat
722 2207 790 2245 aura
807 2188 883 2245 leuis.

183 2276 281 2332 Ordior
298 2293 315 2330 a
333 2273 416 2329 cultu.
434 2274 513 2330 cultis
531 2275 600 2330 bene
617 2274 697 2330 Liber
715 2276 749 2330 ab
767 2276 828 2330 uuis

216 2361 353 2426 Prouenit,
372 2364 400 2415 et
417 2360 489 2415 culto
507 2364 564 2414 stat
581 2376 662 2429 seges
680 2360 737 2415 alta
754 2360 821 2416 solo.

182 2447 282 2502 Forma
300 2446 344 2501 dei
361 2463 467 2501 munus.
485 2444 573 2500 forma
590 2449 675 2516 quota
693 2447 974 2518 quaequesuperbit?

217 2532 285 2587 Pars
302 2535 423 2587 uestrum
441 2531 489 2586 tali
507 2548 617 2586 munere
635 2547 734 2602 magna
752 2535 833 2588 earet.

136 2629 169 2668 1⁰⁵
184 2618 256 2672 Oura
274 2616 350 2673 dabit
366 2616 473 2672 faciem.
490 2617 575 2672 facies
594 2616 719 2685 neglecta
736 2618 851 2687 peribit,
891 2662 893 2667 .

193 2749 195 2752 ,
217 2701 321 2758 idaliae
339 2701 435 2758 similis
452 2702 489 2758 sit
504 2701 569 2757 lieet
586 2701 634 2756 ilia
652 2703 727 2757 deae.
824 2740 826 2743 ψ

184 2789 307 2861 Corpora
323 2788 348 2843 si
366 2791 472 2843 ueteres
491 2804 546 2843 non
564 2787 605 2843 sio
622 2787 730 2843 coluere
747 2785 867 2858 p'uellae,

218 2872 275 2928 Neo
292 2878 398 2929 ueteres
417 2871 505 2929 cultos
523 2873 563 2928 010
580 2873 701 2929 habuere
718 2874 799 2929 uiros.
