2375 3575
241 480 272 529 94
504 502 623 535 nnnnmn
637 500 739 535 anonis.

242 632 311 700 Quin
330 632 413 687 etiam
431 631 566 687 accendas
584 630 652 684 uitia
669 630 819 699 inritesque
838 630 970 696 uetando,

276 716 454 787 Temporibus
473 716 496 770 si
515 731 570 769 non
588 714 748 783 adgrediare
767 714 833 769 suis.

192 816 228 854 1³5
242 803 314 871 Ergo
332 801 376 856 ubi
395 802 472 855 nisus
490 800 543 854 eris
561 804 672 854 nostrae
690 799 858 855 medicabilis
876 801 942 866 arti,

276 888 331 941 Fac
347 886 458 941 monitis
475 886 565 954 fugias
584 885 641 939 otia
657 884 745 954 prima
762 885 838 940 meis.

240 972 328 1037 Haec,
347 976 378 1026 ut
395 987 482 1036 ames,
501 971 614 1024 iaciunt.
632 969 711 1036 haec,
731 970 804 1040 quod
821 969 925 1037 iecere,
944 973 1046 1026 tuentur.

275 1058 351 1113 Haec
368 1061 433 1111 sunt
449 1056 559 1110 iucundi
578 1071 663 1109 causa
681 1055 812 1125 cibusque
830 1055 904 1110 mali.

242 1144 305 1198 Otia
323 1143 345 1197 si
363 1142 456 1207 tollas,
474 1143 578 1211 periere
597 1140 737 1210 Cupidinis
756 1155 848 1205 arcus,

192 1243 228 1281 no
276 1228 507 1298 Contemptaeque
524 1227 616 1281 iacent
634 1230 661 1280 et
679 1226 737 1280 sine
754 1225 815 1280 luce
833 1226 918 1282 faces.

242 1314 327 1382 Quam
345 1312 473 1384 platanus
491 1312 556 1366 nino
573 1312 688 1381 gaudet,
707 1326 789 1381 qnam
807 1312 929 1381 populns
948 1314 1022 1377 unda,

277 1399 313 1453 Et
331 1414 412 1469 quam
430 1397 528 1452 limosa
546 1414 634 1452 canna
651 1397 782 1467 palustris
799 1397 896 1463 humo,

210 1484 214 1550 1
242 1485 308 1538 Tam
327 1483 418 1539 Venus
436 1483 492 1537 otia
509 1488 589 1537 amat.
616 1483 662 1552 qui
679 1483 761 1538 finem
780 1483 890 1553 quaeris
910 1485 1007 1539 amoris
1023 1513 1049 1521 -

277 1568 355 1627 Cedit
373 1584 448 1623 amor
465 1568 545 1623 rebus
566 1600 605 1633 -‚
624 1584 668 1623 res
687 1583 749 1637 age,
768 1572 844 1623 tutus
863 1570 926 1625 eris.

193 1668 229 1706 145
243 1655 369 1723 Languor
386 1657 414 1708 et
430 1653 558 1708 inmodici
576 1654 628 1708 sub
647 1652 719 1707 nuilo
738 1653 846 1707 uindice
864 1655 966 1721 somni,

277 1739 398 1809 Aleaque
417 1746 444 1793 et
461 1742 545 1794 multo
563 1745 688 1808 tempora
705 1754 808 1810 quassa
825 1755 901 1795 mero

243 1825 369 1895 Eripiunt·
386 1841 479 1879 omnes
498 1825 588 1879 animo
607 1825 665 1879 sine
683 1824 794 1879 uulnere
811 1837 921 1881 neruos.

276 1909 379 1965 Adfluit
396 1911 513 1964 incautis
531 1909 679 1964 insidiosus
697 1911 787 1964 Amor.

243 1996 380 2051 Desidiam
399 2011 466 2066 puer
484 1994 528 2048 iile
547 1995 625 2065 sequi
644 1995 720 2049 solet.
740 1995 798 2050 odit
816 2001 938 2065 agentes.

139 2098 144 2104 ·
194 2104 230 2141 150
277 2083 320 2135 Da
337 2097 442 2136 uacuae
460 2080 555 2146 menti,
575 2097 629 2151 quo
647 2083 784 2147 teneatur,
803 2097 881 2150 opus.

244 2169 312 2223 Sunt
329 2166 396 2221 fora.
416 2169 480 2220 sunt
496 2164 579 2234 leges.
599 2170 673 2230 sunt,
694 2182 762 2236 qnos
779 2165 895 2231 maaria,
914 2167 1001 2221 amici.

214 2294 219 2314 i
279 2252 352 2307 Vade
369 2269 418 2322 per
437 2251 555 2305 urbanae
574 2251 718 2321 splendida
736 2255 826 2306 castra
843 2255 934 2321 togae.

244 2337 291 2391 Vel
309 2342 340 2392 tu
358 2336 500 2406 sanguinei
519 2336 657 2390 iuuenalia
675 2353 786 2391 munera
803 2336 896 2391 Martis

278 2424 399 2492 Suscipe.
423 2421 535 2475 deliciae
552 2421 605 2475 iam
624 2422 672 2477 tibi
689 2425 768 2492 terga
786 2421 897 2476 dabunt.

194 2528 229 2565 155
243 2510 326 2575 Ecce,
345 2509 430 2577 fugax
446 2507 574 2572 Parthus,
594 2507 685 2576 magni
703 2523 775 2561 nona
793 2522 877 2562 cansa
893 2507 1033 2578 triumphi,

277 2595 334 2649 lam
352 2594 427 2648 uidet
445 2593 472 2647 in
491 2594 594 2661 campis
613 2592 737 2647 Caesaris
756 2609 830 2647 arma
848 2591 914 2647 suis.
946 2612 949 2617 ·

244 2681 327 2735 Vince
346 2679 510 2749 Cupidineas
528 2679 630 2748 pariter
646 2677 816 2748 Parthasque
835 2677 951 2746 sagittas

277 2766 313 2820 Et
329 2766 400 2820 refer
418 2766 451 2820 ad
470 2765 574 2835 patrios
591 2764 657 2819 bina
673 2766 787 2833 tropaea
804 2762 878 2817 deos.

245 2852 279 2906 vt
297 2851 381 2906 semel
399 2851 496 2906 Aetola
513 2850 604 2905 Venus
623 2852 666 2904 est
683 2865 700 2902 a
716 2847 829 2918 cuspide
846 2846 937 2915 laesa,

195 2950 232 2989 neo
279 2937 391 2991 Mandat
408 2935 522 2990 amatori
540 2934 611 2989 bella
628 2933 748 3003 gerenda
764 2949 823 2988 sno.
