2375 3575
518 479 565 513 Alis
579 480 719 513 ARATORIA.
987 456 1003 509 9

187 625 222 663 105
235 607 295 663 lllic
312 624 382 678 quas
399 608 519 662 tulerant
536 624 681 663 nemorosa
698 607 803 663 Palatia
820 609 942 675 frondes,

270 692 435 763 Simpliciter
452 693 567 762 positae,
587 709 689 748 scaena
705 694 764 748 sine
783 697 841 749 arte
859 693 918 748 luit.

234 778 266 833 ln
284 778 414 847 gradibus
432 778 503 833 sedit
519 778 638 848 populus
656 779 690 833 de
709 778 830 848 caespite
855 779 935 833 lactis

269 863 395 931 Qualibet
412 863 532 918 hirsutas
551 864 648 918 fronde
665 866 775 933 tegente
794 880 895 919 comas.

233 948 394 1018 Respiciunt
411 949 551 1018 oculisque
570 952 667 1002 notant
684 948 737 1003 sibi
754 949 870 1019 quisque
887 948 1019 1019 puellam,

184 1052 219 1088 iro
269 1033 357 1100 Quam
375 1032 452 1098 uelit,
472 1037 500 1087 et
517 1035 602 1087 tacito
620 1039 730 1103 pectore
748 1034 833 1089 multa
851 1036 968 1088 mouent.

138 1167 142 1180 ,
232 1119 361 1188 Dumque
378 1118 471 1172 rudem
490 1119 639 1188 praebente
657 1119 766 1173 modum
788 1119 899 1174 tibicine
917 1119 1007 1174 'lusco

268 1203 372 1258 Ludius
391 1207 537 1274 aequatam
556 1207 597 1258 ter
615 1204 686 1273 podo
703 1203 796 1273 pulsat
813 1204 932 1269 humum,

232 1290 264 1343 ln
284 1289 373 1342 modio
390 1288 489 1358 plausu
509 1320 541 1327 —
559 1289 673 1358 plausus
691 1293 757 1343 tunc
775 1293 833 1343 arte
856 1289 984 1345 carebant
1002 1320 1034 1329 —

269 1373 327 1428 Rex
345 1373 447 1443 populo
464 1374 582 1443 praedae
601 1374 681 1443 signa
697 1374 817 1443 petenda
835 1374 918 1428 dedit.

181 1471 218 1507 115
233 1459 361 1513 Protinus
380 1458 493 1513 exiliunt
510 1459 629 1513 animum
648 1460 765 1513 elamore
783 1459 900 1513 fatentes

268 1543 423 1613 Virginibus
442 1544 556 1614 cupidas
574 1545 742 1614 iniciuntque
761 1560 865 1599 manus.

135 1619 139 1630 ¹
233 1629 269 1682 Vt
285 1629 394 1697 fugiunt
411 1629 517 1699 aquilas
534 1630 708 1685 timidissima
725 1630 805 1685 turba
823 1630 975 1694 columbae,

130 1713 134 1797 i
270 1713 358 1783 thuo
375 1714 445 1783 fugit
463 1714 537 1769 uisos
555 1731 628 1783 agna
646 1714 754 1769 nouella
771 1715 864 1784 lupos,

233 1801 281 1854 Sic
298 1800 359 1854 illae
377 1800 491 1854 timuere
509 1802 583 1855 uiros
603 1802 661 1855 sine
679 1816 753 1855 more
771 1805 889 1856 ruentes.

179 1903 219 1942 rao
270 1885 399 1939 Constitit
416 1886 444 1939 in
463 1887 536 1940 nulla
554 1887 601 1956 qui
618 1886 670 1941 fuit
687 1893 751 1941 ante
769 1887 850 1940 color.

232 1970 301 2024 Nam
319 1970 400 2025 timor
418 1987 488 2025 unus
507 1976 576 2036 erat,
596 1971 680 2026 facies
698 1988 753 2026 non
771 1988 826 2026 una
841 1971 956 2026 timoris.

267 2055 334 2109 Pars
352 2055 438 2110 laniat
455 2056 550 2111 crines.
569 2073 634 2126 pars
652 2057 711 2111 sine
729 2060 818 2111 mente
837 2055 922 2111 sedet.

233 2140 327 2195 Altera
345 2147 450 2196 maesta
468 2141 536 2196 silet.
556 2141 658 2196 frustra
675 2150 757 2196 uocat
774 2141 860 2196 altera
877 2145 998 2196 matrem.

268 2225 344 2279 Haec
362 2226 490 2296 queritur.
509 2232 602 2296 stupet
620 2214 696 2281 haec.
714 2227 783 2281 haec
796 2230 896 2281 manet
913 2225 960 2281 illa
969 2225 1049 2295 fugit.

179 2326 217 2365 iar
233 2311 376 2365 Ducuntur
393 2316 501 2381 raptae,
520 2312 635 2380 genialis
653 2312 767 2381 praeda,
786 2311 905 2381 puellae,

268 2396 304 2450 Et
321 2396 411 2465 potnit
428 2396 529 2452 multas
547 2397 607 2466 ipse
626 2397 722 2452 decere
739 2397 828 2450 timor.

232 2481 318 2550 Siqua
335 2485 502 2550 repugnarat
519 2482 630 2536 nimium
649 2483 829 2551 comitemque
846 2481 972 2550 negabat,

267 2564 407 2620 Sublatam
426 2567 525 2636 cupido
543 2567 584 2621 uir
601 2567 665 2621 tulit
681 2568 741 2637 ipse
759 2567 828 2632 sinu,

231 2654 323 2720 Atque
341 2652 380 2706 ita
399 2653 472 2722 ‘quid
494 2657 603 2707 teneros
627 2653 745 2707 lacrimis
763 2652 912 2721 corrumpis
931 2651 1049 2708 ocellos?

182 2759 219 2798 rae
268 2736 347 2804 Quod
366 2737 446 2791 matri
463 2744 541 2806 pater
559 2743 608 2802 est,
628 2738 680 2792 boc
697 2737 755 2792 tibi'
773 2737 840 2791 dixit
859 2739 930 2792 ‘ero’.

230 2821 358 2887 Romule,
376 2821 506 2877 militibus
524 2822 602 2877 scisti
620 2823 685 2876 dare
703 2822 845 2877 commoda
864 2823 946 2878 solus.

267 2907 344 2962 Haec
361 2907 426 2961 mihi
446 2907 471 2962 si
488 2907 596 2962 dederis
614 2907 768 2973 commoda,
786 2907 864 2963 miles
882 2923 936 2962 ero.
