2375 3575
233 460 280 514 182
559 483 669 519 rueme.

229 613 380 683 Delabique
397 622 458 666 toro
475 612 569 666 tunica
586 612 679 667 uelata
696 614 787 667 soluta

264 701 353 768 Atque
370 698 555 767 impercussos
574 701 654 751 nocte
672 714 783 752 mouere
801 698 894 768 pedes.

229 782 277 837 Vel
295 784 422 853 quotiens
439 782 543 838 foribus
562 781 637 837 duris
655 782 743 837 incisa
761 785 887 853 pependi,
923 794 925 796 ’

263 869 321 922 Non
340 868 429 922 uerita
447 885 464 921 a
481 868 583 937 populo
603 871 794 938 praetereunte
812 869 874 938 legi.

189 966 213 1002 55
228 953 298 1019 Quin
317 968 368 1020 ego
387 968 429 1006 me
448 952 565 1017 memini,
585 951 648 1006 dum
668 955 762 1008 custos
781 970 883 1009 saeuus
902 955 994 1014 abiret.

260 1036 382 1091 Ancillae
402 1038 512 1092 missam
532 1036 673 1092 delituisse
693 1038 762 1093 sinu.

226 1123 305 1190 Quid,
326 1137 387 1176 cum
406 1139 450 1177 me
469 1139 566 1177 munus
585 1122 670 1177 natali
689 1123 787 1189 mittis,
806 1129 835 1179 at
852 1124 899 1179 illa

260 1208 373 1276 Rumpit
392 1211 419 1261 et
438 1207 566 1277 adposita
583 1207 700 1262 barbara
718 1209 812 1263 mersit
829 1211 920 1280 aquai

227 1292 317 1347 Prima
334 1296 399 1346 tuae
417 1289 489 1346 moui
508 1292 598 1347 felicia
616 1293 721 1347 semina
737 1294 846 1349 mentis.

188 1391 213 1428 oo
261 1379 358 1432 Munus
376 1378 469 1443 habes,
489 1378 563 1447 qnod
580 1382 608 1432 te
627 1379 680 1432 iam
699 1378 775 1448 petit,
794 1378 851 1433 ista
870 1383 975 1434 meum'

226 1463 359 1518 Desierat.
379 1464 457 1533 coepi
477 1469 533 1532 ‘per
551 1480 602 1517 uos
622 1467 764 1533 utramque
783 1480 928 1534 rogamus,

261 1549 292 1601 ln
310 1564 413 1602 uacuas
433 1564 513 1603 aures
531 1549 616 1602 uerba
633 1549 754 1603 timentis
774 1554 845 1603 eant.

193 1678 200 1691 .
227 1632 321 1688 Altera
339 1649 381 1687 me
399 1637 508 1703 sceptro
527 1632 641 1688 decoras
659 1634 771 1704 altoque
789 1634 924 1689 cothurno

261 1719 318 1772 Iam
337 1735 410 1772 nunc
428 1722 556 1773 contacto
574 1734 691 1788 magnus
709 1720 736 1772 in
755 1734 801 1773 ore
819 1735 914 1774 sonus.

190 1818 215 1854 oe
229 1804 323 1859 Altera
341 1805 391 1859 das
410 1809 504 1859 nostro
523 1806 658 1859 uicturum
677 1821 775 1859 nomen
793 1805 888 1859 amori.

262 1890 334 1960 Ergo
353 1890 427 1952 ades,
447 1894 474 1943 et
493 1889 581 1958 longis
601 1889 724 1945 uersibus
743 1889 814 1944 adde
831 1890 933 1945 breuis.

227 1975 362 2045 Exiguum
381 1975 437 2028 uati
458 1975 585 2039 concede,
605 1974 766 2044 Tragoedia,
785 1984 904 2044 tempus.

262 2059 303 2113 Tu
321 2059 397 2113 labor
416 2063 551 2113 aeternus
570 2059 644 2128 quod
662 2059 807 2128 petitine,
825 2060 955 2116 breuest.'

227 2146 301 2199 Mota
320 2145 395 2198 dedit
413 2144 529 2198 ueniam.
548 2145 634 2198 teneri
652 2149 832 2215 properentur
851 2162 972 2210 amoueo,

190 2245 215 2282 ro
265 2231 334 2283 Dum
353 2235 443 2285 uacat,
463 2248 480 2284 a
497 2237 574 2298 tergo
593 2228 725 2299 grandius
744 2235 841 2298 urguet
860 2246 939 2300 opus.

598 2453 637 2518 ΙΙ.

231 2571 296 2624 ‘Non
316 2586 367 2639 ego
386 2571 515 2625 nobilium
534 2571 618 2625 sedeo
637 2571 778 2626 studiosus
797 2587 937 2641 equorum.

264 2655 313 2710 Cui
332 2661 424 2710 tamen
444 2657 504 2726 ipsa
522 2657 608 2720 lanes,
629 2656 722 2711 uincet
741 2660 770 2709 ut
787 2655 843 2720 ille,
863 2671 968 2725 precor.

230 2740 264 2793 Vt
281 2740 407 2810 loquerer
425 2747 528 2806 tecum,
549 2741 624 2806 ueni,
643 2747 788 2812 tecumque
806 2740 942 2804 sederem,

263 2824 302 2878 Ne
321 2826 369 2880 tibi
389 2843 443 2880 non
463 2830 555 2891 notus,
576 2843 657 2896 quem
675 2827 756 2891 lacis,
776 2830 850 2881 esset
868 2842 950 2880 arnor.

204 2909 270 2963 oTu
290 2926 385 2965 currus
405 2916 524 2980 spectas,
544 2926 596 2980 ego
614 2916 650 2966 te.
669 2916 826 2981 spectemus
845 2917 961 2981 uterque
