<?xml version="1.0" encoding="UTF-8"?>
<!DOCTYPE html PUBLIC "-//W3C//DTD XHTML 1.0 Transitional//EN"
    "http://www.w3.org/TR/xhtml1/DTD/xhtml1-transitional.dtd">
<html xmlns="http://www.w3.org/1999/xhtml" xml:lang="en" lang="en">
 <head>
  <title>
</title>
<meta http-equiv="Content-Type" content="text/html;charset=utf-8" />
  <meta name='ocr-system' content='tesseract 3.04.00' />
  <meta name='ocr-capabilities' content='ocr_page ocr_carea ocr_par ocr_line ocrx_word'/>
</head>
<body>
  <div class='ocr_page' id='page_1' title='image "./povidiinasonisc00mlgoog_0074.png"; bbox 0 0 2375 3575; ppageno 0'>
   <div class='ocr_carea' id='block_1_1' title="bbox 253 462 735 530">
    <p class='ocr_par' dir='ltr' id='par_1_1' title="bbox 253 462 735 530">
     <span class='ocr_line' id='line_1_1' title="bbox 253 462 735 530; baseline 0 -10"><span class='ocrx_word' id='word_1_1' title='bbox 253 462 285 514; x_wconf 80' lang='grc'>66</span> <span class='ocrx_word' id='word_1_2' title='bbox 535 487 582 520; x_wconf 77' lang='lat' dir='ltr'>uus</span> <span class='ocrx_word' id='word_1_3' title='bbox 596 487 735 530; x_wconf 73' lang='lat' dir='ltr'>turnum.</span> 
     </span>
    </p>
   </div>
   <div class='ocr_carea' id='block_1_2' title="bbox 175 614 1054 2292">
    <p class='ocr_par' dir='ltr' id='par_1_2' title="bbox 175 614 1054 2292">
     <span class='ocr_line' id='line_1_2' title="bbox 202 614 938 691; baseline 0 -20"><span class='ocrx_word' id='word_1_4' title='bbox 202 632 239 671; x_wconf 78' lang='lat'>16⁵</span> <span class='ocrx_word' id='word_1_5' title='bbox 252 616 366 671; x_wconf 79' lang='lat' dir='ltr'><strong>Femina</strong></span> <span class='ocrx_word' id='word_1_6' title='bbox 381 615 505 685; x_wconf 81' lang='lat' dir='ltr'><strong>procedit</strong></span> <span class='ocrx_word' id='word_1_7' title='bbox 521 616 684 671; x_wconf 85' lang='lat' dir='ltr'>densissima</span> <span class='ocrx_word' id='word_1_8' title='bbox 701 614 819 671; x_wconf 74' lang='lat' dir='ltr'>crinibus</span> <span class='ocrx_word' id='word_1_9' title='bbox 838 618 938 691; x_wconf 76' lang='lat' dir='ltr'>emptis</span> 
     </span>
     <span class='ocr_line' id='line_1_3' title="bbox 284 700 831 771; baseline 0 -16"><span class='ocrx_word' id='word_1_10' title='bbox 284 701 391 771; x_wconf 81' lang='lat' dir='ltr'>Proque</span> <span class='ocrx_word' id='word_1_11' title='bbox 409 700 467 756; x_wconf 93' lang='lat' dir='ltr'>suis</span> <span class='ocrx_word' id='word_1_12' title='bbox 485 700 555 756; x_wconf 83' lang='lat' dir='ltr'>alios</span> <span class='ocrx_word' id='word_1_13' title='bbox 573 700 658 755; x_wconf 84' lang='lat' dir='ltr'>efficit</span> <span class='ocrx_word' id='word_1_14' title='bbox 676 716 739 755; x_wconf 87' lang='lat' dir='ltr'>aere</span> <span class='ocrx_word' id='word_1_15' title='bbox 756 717 831 756; x_wconf 89' lang='lat' dir='ltr'>suos.</span> 
     </span>
     <span class='ocr_line' id='line_1_4' title="bbox 251 785 955 855; baseline 0.006 -15"><span class='ocrx_word' id='word_1_16' title='bbox 251 786 306 841; x_wconf 86' lang='lat' dir='ltr'>Neo</span> <span class='ocrx_word' id='word_1_17' title='bbox 322 785 405 841; x_wconf 89' lang='lat' dir='ltr'>rubor</span> <span class='ocrx_word' id='word_1_18' title='bbox 423 791 466 841; x_wconf 89' lang='lat' dir='ltr'>est</span> <span class='ocrx_word' id='word_1_19' title='bbox 482 786 582 840; x_wconf 81' lang='lat' dir='ltr'>emisse</span> <span class='ocrx_word' id='word_1_20' title='bbox 599 785 697 855; x_wconf 85' lang='lat' dir='ltr'>palam.</span> <span class='ocrx_word' id='word_1_21' title='bbox 716 786 810 841; x_wconf 86' lang='lat' dir='ltr'>uenire</span> <span class='ocrx_word' id='word_1_22' title='bbox 828 786 955 845; x_wconf 90' lang='lat' dir='ltr'>uidemus</span> 
     </span>
     <span class='ocr_line' id='line_1_5' title="bbox 284 870 967 942; baseline 0.006 -17"><span class='ocrx_word' id='word_1_23' title='bbox 284 871 408 927; x_wconf 82' lang='lat' dir='ltr'>Herculis</span> <span class='ocrx_word' id='word_1_24' title='bbox 426 876 490 925; x_wconf 85' lang='lat' dir='ltr'>ante</span> <span class='ocrx_word' id='word_1_25' title='bbox 508 870 603 926; x_wconf 90' lang='lat' dir='ltr'>ooulos</span> <span class='ocrx_word' id='word_1_26' title='bbox 621 871 826 942; x_wconf 87' lang='lat' dir='ltr'>uirgineumque</span> <span class='ocrx_word' id='word_1_27' title='bbox 845 872 967 929; x_wconf 84' lang='lat' dir='ltr'>chorum.</span> 
     </span>
     <span class='ocr_line' id='line_1_6' title="bbox 251 956 1040 1030; baseline 0.005 -20"><span class='ocrx_word' id='word_1_28' title='bbox 251 956 322 1025; x_wconf 82' lang='lat' dir='ltr'><strong>Quid</strong></span> <span class='ocrx_word' id='word_1_29' title='bbox 340 956 374 1011; x_wconf 89' lang='lat' dir='ltr'>de</span> <span class='ocrx_word' id='word_1_30' title='bbox 391 962 469 1011; x_wconf 87' lang='lat' dir='ltr'>ueste</span> <span class='ocrx_word' id='word_1_31' title='bbox 486 956 600 1027; x_wconf 83' lang='lat' dir='ltr'>loquar?</span> <span class='ocrx_word' id='word_1_32' title='bbox 618 972 669 1011; x_wconf 86' lang='lat' dir='ltr'>neo</span> <span class='ocrx_word' id='word_1_33' title='bbox 686 973 757 1011; x_wconf 89' lang='lat' dir='ltr'>nuno</span> <span class='ocrx_word' id='word_1_34' title='bbox 775 960 918 1025; x_wconf 84' lang='lat' dir='ltr'>segmenta</span> <span class='ocrx_word' id='word_1_35' title='bbox 935 960 1040 1030; x_wconf 85' lang='lat' dir='ltr'>requiro</span> 
     </span>
     <span class='ocr_line' id='line_1_7' title="bbox 200 1041 886 1114; baseline 0 -18"><span class='ocrx_word' id='word_1_36' title='bbox 200 1058 238 1096; x_wconf 76' lang='lat' dir='ltr'>rto</span> <span class='ocrx_word' id='word_1_37' title='bbox 283 1041 338 1096; x_wconf 90' lang='lat' dir='ltr'>Neo</span> <span class='ocrx_word' id='word_1_38' title='bbox 356 1058 427 1113; x_wconf 87' lang='lat' dir='ltr'>quae</span> <span class='ocrx_word' id='word_1_39' title='bbox 445 1042 479 1097; x_wconf 90' lang='lat' dir='ltr'>de</span> <span class='ocrx_word' id='word_1_40' title='bbox 497 1042 577 1114; x_wconf 88' lang='lat' dir='ltr'>Tyrio</span> <span class='ocrx_word' id='word_1_41' title='bbox 596 1042 697 1097; x_wconf 84' lang='lat' dir='ltr'>murice</span> <span class='ocrx_word' id='word_1_42' title='bbox 714 1041 779 1096; x_wconf 88' lang='lat' dir='ltr'>lana</span> <span class='ocrx_word' id='word_1_43' title='bbox 795 1042 886 1098; x_wconf 89' lang='lat' dir='ltr'>rubes.</span> 
     </span>
     <span class='ocr_line' id='line_1_8' title="bbox 250 1126 901 1197; baseline 0.002 -15"><span class='ocrx_word' id='word_1_44' title='bbox 250 1127 318 1182; x_wconf 81' lang='lat' dir='ltr'>Cum</span> <span class='ocrx_word' id='word_1_45' title='bbox 336 1131 377 1181; x_wconf 95' lang='lat' dir='ltr'>tot</span> <span class='ocrx_word' id='word_1_46' title='bbox 394 1127 542 1196; x_wconf 85' lang='lat' dir='ltr'>prodierint</span> <span class='ocrx_word' id='word_1_47' title='bbox 558 1128 647 1197; x_wconf 91' lang='lat' dir='ltr'>pretio</span> <span class='ocrx_word' id='word_1_48' title='bbox 663 1126 766 1181; x_wconf 88' lang='lat' dir='ltr'>leuiore</span> <span class='ocrx_word' id='word_1_49' title='bbox 784 1126 901 1193; x_wconf 75' lang='lat' dir='ltr'>colores,</span> 
     </span>
     <span class='ocr_line' id='line_1_9' title="bbox 175 1212 943 1282; baseline 0.001 -16"><span class='ocrx_word' id='word_1_50' title='bbox 175 1232 182 1240; x_wconf 92' lang='lat'><strong>·</strong></span> <span class='ocrx_word' id='word_1_51' title='bbox 284 1212 351 1282; x_wconf 81' lang='lat' dir='ltr'>Quis</span> <span class='ocrx_word' id='word_1_52' title='bbox 368 1212 444 1267; x_wconf 90' lang='lat' dir='ltr'>furor</span> <span class='ocrx_word' id='word_1_53' title='bbox 461 1216 504 1267; x_wconf 92' lang='lat' dir='ltr'>est</span> <span class='ocrx_word' id='word_1_54' title='bbox 521 1228 619 1267; x_wconf 85' lang='lat' dir='ltr'>census</span> <span class='ocrx_word' id='word_1_55' title='bbox 639 1228 751 1282; x_wconf 78' lang='lat' dir='ltr'>corpore</span> <span class='ocrx_word' id='word_1_56' title='bbox 768 1212 839 1268; x_wconf 82' lang='lat' dir='ltr'>ferre</span> <span class='ocrx_word' id='word_1_57' title='bbox 857 1214 943 1269; x_wconf 83' lang='lat' dir='ltr'>suos?</span> 
     </span>
     <span class='ocr_line' id='line_1_10' title="bbox 249 1297 971 1365; baseline 0.003 -14"><span class='ocrx_word' id='word_1_58' title='bbox 249 1298 334 1364; x_wconf 83' lang='lat' dir='ltr'>Aeris,</span> <span class='ocrx_word' id='word_1_59' title='bbox 354 1313 425 1363; x_wconf 83' lang='lat' dir='ltr'>ecce,</span> <span class='ocrx_word' id='word_1_60' title='bbox 444 1297 525 1363; x_wconf 83' lang='lat' dir='ltr'>color,</span> <span class='ocrx_word' id='word_1_61' title='bbox 543 1303 602 1351; x_wconf 90' lang='lat' dir='ltr'>tum</span> <span class='ocrx_word' id='word_1_62' title='bbox 621 1314 682 1351; x_wconf 84' lang='lat' dir='ltr'>uum</span> <span class='ocrx_word' id='word_1_63' title='bbox 701 1298 760 1353; x_wconf 85' lang='lat' dir='ltr'>sine</span> <span class='ocrx_word' id='word_1_64' title='bbox 778 1297 895 1353; x_wconf 86' lang='lat' dir='ltr'>nubibus</span> <span class='ocrx_word' id='word_1_65' title='bbox 914 1316 971 1365; x_wconf 85' lang='lat' dir='ltr'>aer,</span> 
     </span>
     <span class='ocr_line' id='line_1_11' title="bbox 283 1382 966 1454; baseline 0.001 -17"><span class='ocrx_word' id='word_1_66' title='bbox 283 1382 338 1437; x_wconf 86' lang='lat' dir='ltr'>Neo</span> <span class='ocrx_word' id='word_1_67' title='bbox 355 1383 465 1452; x_wconf 90' lang='lat' dir='ltr'>tepidus</span> <span class='ocrx_word' id='word_1_68' title='bbox 484 1382 592 1452; x_wconf 89' lang='lat' dir='ltr'>pluuias</span> <span class='ocrx_word' id='word_1_69' title='bbox 612 1384 734 1438; x_wconf 80' lang='lat' dir='ltr'>concitat</span> <span class='ocrx_word' id='word_1_70' title='bbox 750 1387 844 1438; x_wconf 87' lang='lat' dir='ltr'>auster</span> <span class='ocrx_word' id='word_1_71' title='bbox 863 1400 966 1454; x_wconf 88' lang='lat' dir='ltr'>aquas,</span> 
     </span>
     <span class='ocr_line' id='line_1_12' title="bbox 199 1467 1054 1539; baseline 0.005 -19"><span class='ocrx_word' id='word_1_72' title='bbox 199 1483 236 1521; x_wconf 80' lang='lat' dir='ltr'>ire</span> <span class='ocrx_word' id='word_1_73' title='bbox 248 1467 327 1530; x_wconf 77' lang='lat' dir='ltr'>Ecce,</span> <span class='ocrx_word' id='word_1_74' title='bbox 346 1468 394 1523; x_wconf 90' lang='lat' dir='ltr'>tibi</span> <span class='ocrx_word' id='word_1_75' title='bbox 412 1468 515 1534; x_wconf 88' lang='lat' dir='ltr'>similis,</span> <span class='ocrx_word' id='word_1_76' title='bbox 535 1484 606 1539; x_wconf 87' lang='lat' dir='ltr'>quae</span> <span class='ocrx_word' id='word_1_77' title='bbox 625 1468 762 1538; x_wconf 90' lang='lat' dir='ltr'>quondam</span> <span class='ocrx_word' id='word_1_78' title='bbox 779 1468 897 1524; x_wconf 80' lang='lat' dir='ltr'>Phrixon</span> <span class='ocrx_word' id='word_1_79' title='bbox 915 1473 945 1524; x_wconf 90' lang='lat' dir='ltr'>et</span> <span class='ocrx_word' id='word_1_80' title='bbox 962 1469 1054 1526; x_wconf 83' lang='lat' dir='ltr'>Hellen</span> 
     </span>
     <span class='ocr_line' id='line_1_13' title="bbox 282 1553 727 1623; baseline 0 -16"><span class='ocrx_word' id='word_1_81' title='bbox 282 1554 387 1608; x_wconf 80' lang='lat' dir='ltr'>Diceris</span> <span class='ocrx_word' id='word_1_82' title='bbox 405 1553 478 1608; x_wconf 89' lang='lat' dir='ltr'>Inois</span> <span class='ocrx_word' id='word_1_83' title='bbox 498 1553 632 1623; x_wconf 82' lang='lat' dir='ltr'>eripuisse</span> <span class='ocrx_word' id='word_1_84' title='bbox 651 1553 727 1609; x_wconf 92' lang='lat' dir='ltr'>dolis.</span> 
     </span>
     <span class='ocr_line' id='line_1_14' title="bbox 248 1638 1052 1709; baseline 0.005 -16"><span class='ocrx_word' id='word_1_85' title='bbox 248 1638 300 1693; x_wconf 87' lang='lat' dir='ltr'>Hio</span> <span class='ocrx_word' id='word_1_86' title='bbox 316 1639 405 1693; x_wconf 83' lang='lat' dir='ltr'>undas</span> <span class='ocrx_word' id='word_1_87' title='bbox 423 1638 551 1704; x_wconf 84' lang='lat' dir='ltr'>imitatur,</span> <span class='ocrx_word' id='word_1_88' title='bbox 569 1639 653 1694; x_wconf 90' lang='lat' dir='ltr'>habet</span> <span class='ocrx_word' id='word_1_89' title='bbox 671 1654 780 1709; x_wconf 90' lang='lat' dir='ltr'>quoque</span> <span class='ocrx_word' id='word_1_90' title='bbox 797 1655 896 1695; x_wconf 90' lang='lat' dir='ltr'>nomen</span> <span class='ocrx_word' id='word_1_91' title='bbox 913 1641 951 1696; x_wconf 84' lang='lat' dir='ltr'>ab</span> <span class='ocrx_word' id='word_1_92' title='bbox 968 1641 1052 1697; x_wconf 78' lang='lat' dir='ltr'>undis</span> 
     </span>
     <span class='ocr_line' id='line_1_15' title="bbox 283 1723 916 1796; baseline -0.002 -17"><span class='ocrx_word' id='word_1_93' title='bbox 283 1724 447 1779; x_wconf 80' lang='lat' dir='ltr'>Crediderim</span> <span class='ocrx_word' id='word_1_94' title='bbox 465 1723 600 1796; x_wconf 75' lang='lat' dir='ltr'>nymphas</span> <span class='ocrx_word' id='word_1_95' title='bbox 617 1724 670 1779; x_wconf 85' lang='lat' dir='ltr'>hae</span> <span class='ocrx_word' id='word_1_96' title='bbox 688 1740 739 1794; x_wconf 90' lang='lat' dir='ltr'>ego</span> <span class='ocrx_word' id='word_1_97' title='bbox 756 1730 834 1780; x_wconf 85' lang='lat' dir='ltr'>ueste</span> <span class='ocrx_word' id='word_1_98' title='bbox 850 1726 916 1796; x_wconf 84' lang='lat' dir='ltr'>tegi.</span> 
     </span>
     <span class='ocr_line' id='line_1_16' title="bbox 247 1809 932 1878; baseline 0 -13"><span class='ocrx_word' id='word_1_99' title='bbox 247 1809 295 1865; x_wconf 91' lang='lat' dir='ltr'>llle</span> <span class='ocrx_word' id='word_1_100' title='bbox 314 1825 422 1864; x_wconf 82' lang='lat' dir='ltr'>crocum</span> <span class='ocrx_word' id='word_1_101' title='bbox 440 1809 557 1865; x_wconf 80' lang='lat' dir='ltr'>simulat.</span> <span class='ocrx_word' id='word_1_102' title='bbox 578 1826 674 1864; x_wconf 79' lang='lat' dir='ltr'>croceo</span> <span class='ocrx_word' id='word_1_103' title='bbox 692 1811 799 1865; x_wconf 85' lang='lat' dir='ltr'>uelatur</span> <span class='ocrx_word' id='word_1_104' title='bbox 817 1811 932 1878; x_wconf 75' lang='lat' dir='ltr'>amictu,</span> 
     </span>
     <span class='ocr_line' id='line_1_17' title="bbox 198 1895 913 1966; baseline 0.003 -20"><span class='ocrx_word' id='word_1_105' title='bbox 198 1908 236 1946; x_wconf 84' lang='lat' dir='ltr'>reo</span> <span class='ocrx_word' id='word_1_106' title='bbox 282 1895 402 1950; x_wconf 82' lang='lat' dir='ltr'>Roscida</span> <span class='ocrx_word' id='word_1_107' title='bbox 419 1895 546 1950; x_wconf 80' lang='lat' dir='ltr'>luciferos</span> <span class='ocrx_word' id='word_1_108' title='bbox 565 1912 626 1949; x_wconf 84' lang='lat' dir='ltr'>cum</span> <span class='ocrx_word' id='word_1_109' title='bbox 644 1896 696 1950; x_wconf 88' lang='lat' dir='ltr'>dea</span> <span class='ocrx_word' id='word_1_110' title='bbox 713 1896 801 1965; x_wconf 91' lang='lat' dir='ltr'>iungit</span> <span class='ocrx_word' id='word_1_111' title='bbox 818 1912 913 1966; x_wconf 86' lang='lat' dir='ltr'>equos.</span> 
     </span>
     <span class='ocr_line' id='line_1_18' title="bbox 248 1980 999 2053; baseline 0.007 -19"><span class='ocrx_word' id='word_1_112' title='bbox 248 1980 300 2035; x_wconf 85' lang='lat' dir='ltr'>Hic</span> <span class='ocrx_word' id='word_1_113' title='bbox 318 1980 436 2050; x_wconf 90' lang='lat' dir='ltr'>Paphias</span> <span class='ocrx_word' id='word_1_114' title='bbox 454 1986 564 2052; x_wconf 84' lang='lat' dir='ltr'>myrtos,</span> <span class='ocrx_word' id='word_1_115' title='bbox 583 1981 627 2034; x_wconf 85' lang='lat' dir='ltr'>hio</span> <span class='ocrx_word' id='word_1_116' title='bbox 644 1997 797 2050; x_wconf 88' lang='lat' dir='ltr'>purpureas</span> <span class='ocrx_word' id='word_1_117' title='bbox 816 1982 999 2053; x_wconf 82' lang='lat' dir='ltr'>amethystos.</span> 
     </span>
     <span class='ocr_line' id='line_1_19' title="bbox 282 2065 866 2137; baseline 0.002 -17"><span class='ocrx_word' id='word_1_118' title='bbox 282 2065 447 2121; x_wconf 86' lang='lat' dir='ltr'>Albentesue</span> <span class='ocrx_word' id='word_1_119' title='bbox 464 2082 542 2121; x_wconf 86' lang='lat' dir='ltr'>rosas</span> <span class='ocrx_word' id='word_1_120' title='bbox 560 2066 747 2120; x_wconf 84' lang='lat' dir='ltr'>Threiciamue</span> <span class='ocrx_word' id='word_1_121' title='bbox 765 2083 866 2137; x_wconf 88' lang='lat' dir='ltr'>gruem.</span> 
     </span>
     <span class='ocr_line' id='line_1_20' title="bbox 247 2150 1036 2223; baseline 0.006 -19"><span class='ocrx_word' id='word_1_122' title='bbox 247 2150 302 2204; x_wconf 84' lang='lat' dir='ltr'>Neo</span> <span class='ocrx_word' id='word_1_123' title='bbox 319 2151 440 2220; x_wconf 82' lang='lat' dir='ltr'>glandes,</span> <span class='ocrx_word' id='word_1_124' title='bbox 459 2151 596 2223; x_wconf 83' lang='lat' dir='ltr'>Amarylli‚</span> <span class='ocrx_word' id='word_1_125' title='bbox 615 2155 680 2205; x_wconf 88' lang='lat' dir='ltr'>tuae</span> <span class='ocrx_word' id='word_1_126' title='bbox 698 2167 747 2206; x_wconf 82' lang='lat' dir='ltr'>neo</span> <span class='ocrx_word' id='word_1_127' title='bbox 766 2151 910 2223; x_wconf 85' lang='lat' dir='ltr'>amygdala</span> <span class='ocrx_word' id='word_1_128' title='bbox 929 2153 1036 2210; x_wconf 77' lang='lat' dir='ltr'>desunt.</span> 
     </span>
     <span class='ocr_line' id='line_1_21' title="bbox 281 2235 856 2292; baseline 0.003 -2"><span class='ocrx_word' id='word_1_129' title='bbox 281 2235 316 2291; x_wconf 80' lang='lat' dir='ltr'>Et</span> <span class='ocrx_word' id='word_1_130' title='bbox 334 2252 386 2291; x_wconf 87' lang='lat' dir='ltr'>sua</span> <span class='ocrx_word' id='word_1_131' title='bbox 402 2235 547 2292; x_wconf 86' lang='lat' dir='ltr'>uelleribus</span> <span class='ocrx_word' id='word_1_132' title='bbox 564 2237 676 2290; x_wconf 89' lang='lat' dir='ltr'>nomina</span> <span class='ocrx_word' id='word_1_133' title='bbox 693 2252 756 2291; x_wconf 87' lang='lat' dir='ltr'>oera</span> <span class='ocrx_word' id='word_1_134' title='bbox 774 2237 856 2292; x_wconf 83' lang='lat' dir='ltr'>dedit</span> 
     </span>
    </p>
   </div>
   <div class='ocr_carea' id='block_1_3' title="bbox 197 2320 984 2634">
    <p class='ocr_par' dir='ltr' id='par_1_3' title="bbox 197 2320 984 2634">
     <span class='ocr_line' id='line_1_22' title="bbox 197 2320 984 2394; baseline 0.011 -23"><span class='ocrx_word' id='word_1_135' title='bbox 197 2333 234 2372; x_wconf 75' lang='lat' dir='ltr'>roe</span> <span class='ocrx_word' id='word_1_136' title='bbox 247 2321 319 2390; x_wconf 82' lang='lat' dir='ltr'>Quot</span> <span class='ocrx_word' id='word_1_137' title='bbox 336 2338 409 2376; x_wconf 92' lang='lat' dir='ltr'>noua</span> <span class='ocrx_word' id='word_1_138' title='bbox 425 2325 498 2376; x_wconf 89' lang='lat' dir='ltr'>terra</span> <span class='ocrx_word' id='word_1_139' title='bbox 514 2321 587 2391; x_wconf 87' lang='lat' dir='ltr'>parit</span> <span class='ocrx_word' id='word_1_140' title='bbox 603 2320 696 2387; x_wconf 85' lang='lat' dir='ltr'>flores,</span> <span class='ocrx_word' id='word_1_141' title='bbox 716 2337 777 2376; x_wconf 87' lang='lat' dir='ltr'>oum</span> <span class='ocrx_word' id='word_1_142' title='bbox 795 2338 859 2377; x_wconf 89' lang='lat' dir='ltr'>uere</span> <span class='ocrx_word' id='word_1_143' title='bbox 876 2325 984 2394; x_wconf 89' lang='lat' dir='ltr'>tepenti</span> 
     </span>
     <span class='ocr_line' id='line_1_23' title="bbox 281 2406 935 2479; baseline 0.006 -19"><span class='ocrx_word' id='word_1_144' title='bbox 281 2406 348 2462; x_wconf 83' lang='lat' dir='ltr'>Vitis</span> <span class='ocrx_word' id='word_1_145' title='bbox 366 2407 424 2476; x_wconf 88' lang='lat' dir='ltr'>agit</span> <span class='ocrx_word' id='word_1_146' title='bbox 440 2422 561 2476; x_wconf 86' lang='lat' dir='ltr'>gemmas</span> <span class='ocrx_word' id='word_1_147' title='bbox 578 2406 711 2477; x_wconf 87' lang='lat' dir='ltr'>pigraque</span> <span class='ocrx_word' id='word_1_148' title='bbox 728 2407 799 2476; x_wconf 86' lang='lat' dir='ltr'>fugit</span> <span class='ocrx_word' id='word_1_149' title='bbox 814 2407 935 2479; x_wconf 79' lang='lat' dir='ltr'>hiemps,</span> 
     </span>
     <span class='ocr_line' id='line_1_24' title="bbox 246 2491 954 2563; baseline 0.008 -19"><span class='ocrx_word' id='word_1_150' title='bbox 246 2491 323 2545; x_wconf 84' lang='lat' dir='ltr'>Lana</span> <span class='ocrx_word' id='word_1_151' title='bbox 338 2496 381 2546; x_wconf 90' lang='lat' dir='ltr'>tot</span> <span class='ocrx_word' id='word_1_152' title='bbox 399 2497 446 2547; x_wconf 90' lang='lat' dir='ltr'>aut</span> <span class='ocrx_word' id='word_1_153' title='bbox 462 2493 554 2562; x_wconf 86' lang='lat' dir='ltr'>plures</span> <span class='ocrx_word' id='word_1_154' title='bbox 572 2507 654 2547; x_wconf 77' lang='lat' dir='ltr'>sucos</span> <span class='ocrx_word' id='word_1_155' title='bbox 672 2492 746 2547; x_wconf 91' lang='lat' dir='ltr'>bibit.</span> <span class='ocrx_word' id='word_1_156' title='bbox 765 2491 834 2563; x_wconf 85' lang='lat' dir='ltr'>elige</span> <span class='ocrx_word' id='word_1_157' title='bbox 853 2497 954 2551; x_wconf 76' lang='lat' dir='ltr'>certos.</span> 
     </span>
     <span class='ocr_line' id='line_1_25' title="bbox 279 2575 928 2634; baseline 0.005 -3"><span class='ocrx_word' id='word_1_158' title='bbox 279 2575 347 2630; x_wconf 90' lang='lat' dir='ltr'>Nam</span> <span class='ocrx_word' id='word_1_159' title='bbox 365 2594 419 2632; x_wconf 92' lang='lat' dir='ltr'>non</span> <span class='ocrx_word' id='word_1_160' title='bbox 437 2577 602 2632; x_wconf 82' lang='lat' dir='ltr'>conueniens</span> <span class='ocrx_word' id='word_1_161' title='bbox 620 2577 744 2632; x_wconf 89' lang='lat' dir='ltr'>omnibus</span> <span class='ocrx_word' id='word_1_162' title='bbox 762 2578 849 2634; x_wconf 91' lang='lat' dir='ltr'>omnis</span> <span class='ocrx_word' id='word_1_163' title='bbox 868 2579 928 2634; x_wconf 87' lang='lat' dir='ltr'>erit.</span> 
     </span>
    </p>
   </div>
   <div class='ocr_carea' id='block_1_4' title="bbox 193 2661 954 2990">
    <p class='ocr_par' dir='ltr' id='par_1_4' title="bbox 193 2661 954 2990">
     <span class='ocr_line' id='line_1_26' title="bbox 245 2661 954 2734; baseline 0.007 -18"><span class='ocrx_word' id='word_1_164' title='bbox 245 2661 323 2716; x_wconf 87' lang='lat' dir='ltr'>Pulla</span> <span class='ocrx_word' id='word_1_165' title='bbox 340 2663 438 2719; x_wconf 80' lang='lat' dir='ltr'>docent</span> <span class='ocrx_word' id='word_1_166' title='bbox 454 2663 558 2718; x_wconf 85' lang='lat' dir='ltr'>niueas.</span> <span class='ocrx_word' id='word_1_167' title='bbox 577 2663 700 2718; x_wconf 88' lang='lat' dir='ltr'>Briseida</span> <span class='ocrx_word' id='word_1_168' title='bbox 717 2663 793 2734; x_wconf 88' lang='lat' dir='ltr'>pulla</span> <span class='ocrx_word' id='word_1_169' title='bbox 810 2663 954 2721; x_wconf 76' lang='lat' dir='ltr'>decebant.</span> 
     </span>
     <span class='ocr_line' id='line_1_27' title="bbox 193 2747 949 2819; baseline 0.013 -23"><span class='ocrx_word' id='word_1_170' title='bbox 193 2757 232 2796; x_wconf 82' lang='lat' dir='ltr'>rao</span> <span class='ocrx_word' id='word_1_171' title='bbox 279 2747 347 2802; x_wconf 71' lang='lat' dir='ltr'>(lum</span> <span class='ocrx_word' id='word_1_172' title='bbox 364 2751 479 2818; x_wconf 75' lang='lat' dir='ltr'>raptast</span> <span class='ocrx_word' id='word_1_173' title='bbox 497 2747 647 2819; x_wconf 90' lang='lat' dir='ltr'>pullatum</span> <span class='ocrx_word' id='word_1_174' title='bbox 667 2763 777 2818; x_wconf 93' lang='lat' dir='ltr'>quoque</span> <span class='ocrx_word' id='word_1_175' title='bbox 794 2752 873 2805; x_wconf 88' lang='lat' dir='ltr'>ueste</span> <span class='ocrx_word' id='word_1_176' title='bbox 888 2749 949 2806; x_wconf 82' lang='lat' dir='ltr'>fuit.</span> 
     </span>
     <span class='ocr_line' id='line_1_28' title="bbox 244 2833 925 2904; baseline 0.003 -16"><span class='ocrx_word' id='word_1_177' title='bbox 244 2833 315 2890; x_wconf 81' lang='lat' dir='ltr'>Alba</span> <span class='ocrx_word' id='word_1_178' title='bbox 332 2833 429 2889; x_wconf 79' lang='lat' dir='ltr'>docent</span> <span class='ocrx_word' id='word_1_179' title='bbox 444 2834 545 2890; x_wconf 83' lang='lat' dir='ltr'>fuscas.</span> <span class='ocrx_word' id='word_1_180' title='bbox 564 2833 639 2900; x_wconf 86' lang='lat' dir='ltr'>albis,</span> <span class='ocrx_word' id='word_1_181' title='bbox 659 2833 768 2903; x_wconf 78' lang='lat' dir='ltr'>Cephei,</span> <span class='ocrx_word' id='word_1_182' title='bbox 786 2834 925 2904; x_wconf 82' lang='lat' dir='ltr'>plaoebas</span> 
     </span>
     <span class='ocr_line' id='line_1_29' title="bbox 279 2917 874 2990; baseline 0.005 -18"><span class='ocrx_word' id='word_1_183' title='bbox 279 2917 325 2973; x_wconf 83' lang='lat' dir='ltr'>Sio</span> <span class='ocrx_word' id='word_1_184' title='bbox 342 2918 390 2975; x_wconf 90' lang='lat' dir='ltr'>tibi</span> <span class='ocrx_word' id='word_1_185' title='bbox 408 2919 526 2974; x_wconf 87' lang='lat' dir='ltr'>nestitae</span> <span class='ocrx_word' id='word_1_186' title='bbox 544 2935 641 2989; x_wconf 88' lang='lat' dir='ltr'>pressa</span> <span class='ocrx_word' id='word_1_187' title='bbox 659 2919 789 2990; x_wconf 85' lang='lat' dir='ltr'>Seriphos</span> <span class='ocrx_word' id='word_1_188' title='bbox 808 2925 874 2975; x_wconf 77' lang='lat' dir='ltr'>erat.</span> 
     </span>
    </p>
   </div>
   <div class='ocr_carea' id='block_1_5' title="bbox 0 0 1192 3575">
    <p class='ocr_par' dir='ltr' id='par_1_5' title="bbox 0 0 1192 3575">
     <span class='ocr_line' id='line_1_30' title="bbox 0 0 1192 3575; baseline 0 2"><span class='ocrx_word' id='word_1_189' title='bbox 0 0 1192 3575; x_wconf 95' lang='lat' dir='ltr'> </span> 
     </span>
    </p>
   </div>
  </div>
 </body>
</html>
