2375 3575
468 394 514 429 aas
528 394 667 429 surorum.
918 370 951 425 37

183 525 226 579 Sit
242 523 308 577 lieet
325 524 438 594 antiquo
456 522 550 580 Nireus
568 524 712 579 adamatus
729 523 860 591 Homero,

133 631 169 669 no
219 609 407 680 Naiadumque
424 616 502 665 tener
519 609 631 664 erimine
647 612 743 679 raptus
761 609 855 680 Hylas.

185 696 218 749 vt
235 695 373 750 dominam
390 700 485 750 teneas
503 711 553 749 nee
570 698 598 749 te
616 695 711 750 mirere
729 694 864 760 relietum,

218 780 323 849 Ingenii
341 780 419 836 dotes
437 781 558 851 eorporis
576 781 648 836 adde
664 780 752 836 bonis.

183 866 283 920 Forma
291 865 390 921 bonum
400 866 530 936 fragilest,
549 872 735 936 quantumque
745 866 1000 931 aceeditadannos

219 951 263 1004 Fit
281 951 367 1005 minor
386 956 413 1006 et
431 952 520 1021 spatio
538 952 659 1021 carpitur
676 952 738 1022 ipsa
756 969 813 1007 suo.

133 1058 168 1094 115
183 1035 240 1090 Nee
259 1037 346 1091 uiolae
364 1053 506 1107 semperue
524 1037 700 1110 hyacinthina
717 1037 773 1092 lilia
790 1037 899 1105 florent,

216 1121 253 1175 nt
269 1123 339 1191 riget
356 1123 457 1177 amissa
474 1123 553 1193 spina
569 1122 665 1177 relicta
681 1139 751 1177 rosa.

181 1206 217 1261 nt
234 1207 283 1263 tibi
302 1208 356 1261 iam
374 1208 484 1262 uenient
502 1209 576 1273 uani,
596 1208 724 1272 formose,
744 1208 846 1279 capilli,

216 1293 274 1347 lam
292 1293 402 1348 uenient
418 1310 515 1364 rugae,
535 1308 605 1363 quae
623 1294 673 1349 tibi
692 1310 790 1365 eorpus
809 1297 893 1349 arent

180 1377 222 1430 Tu
241 1378 333 1432 molire
351 1381 482 1445 animum,
501 1380 546 1449 qui
565 1380 656 1445 duret,
676 1384 703 1433 et
721 1380 830 1434 adstrue
848 1378 958 1434 formae.

133 1482 168 1521 rao
217 1462 297 1518 Solus
315 1464 351 1518 ad
368 1453 502 1519 extremos
521 1468 661 1534 permanet
678 1463 722 1519 ille
740 1480 829 1533 rogos.

181 1547 238 1602 Nee
255 1548 323 1604 leuis
341 1550 472 1619 ingenuas
491 1557 588 1620 peetus
607 1550 723 1605 uoluisse
741 1566 790 1621 per
807 1554 880 1605 artes

216 1632 288 1688 Cura
305 1636 341 1689 sit
359 1639 387 1689 et
403 1635 510 1705 linguas
529 1636 672 1692 edidicisse
690 1637 766 1691 duas.

180 1719 240 1774 Non
258 1719 393 1775 formosus
412 1725 470 1775 erat
488 1721 536 1776 sed
555 1727 613 1776 erat
631 1722 765 1779 facundus
785 1722 887 1788 Ulixes,

216 1806 251 1860 Et
267 1812 358 1861 tamen
377 1824 526 1878 aequoreas
544 1809 625 1863 torsit
642 1825 733 1864 amore
751 1810 825 1864 deas.

132 1893 204 1948 12⁵0
224 1893 350 1961 quotiens
368 1892 442 1947 illurn
461 1894 547 1948 doluit
563 1911 710 1965 properare
728 1896 846 1968 Calypso

215 1976 392 2048 Remigioque
410 1985 490 2049 aptas
509 1996 570 2035 esse
588 1981 699 2049 negauit
717 1981 816 2050 aquas!

179 2062 255 2116 llaee
273 2062 369 2117 Troiae
387 2081 468 2120 ussus
486 2065 638 2135 iterumque
656 2067 806 2136 iterumque
824 2064 949 2132 rogabat,

214 2147 262 2202 llle
280 2148 379 2202 referre
397 2149 474 2205 aliter
492 2166 575 2220 saepe
594 2151 699 2206 solebat
717 2151 796 2205 idem.

178 2232 283 2287 Littore
301 2235 487 2289 constiterant
505 2235 560 2290 illie
578 2252 687 2307 quoque
705 2236 819 2306 pulchra
836 2234 955 2307 Calypso

131 2335 164 2374 rso
212 2318 304 2387 Exigit
322 2319 428 2392 Odrysii
447 2322 522 2377 faeta
539 2326 651 2378 cruenta
669 2322 759 2378 duuis:

179 2403 226 2459 llle
244 2404 298 2458 leui
317 2406 394 2474 uirga
411 2437 443 2446 —
461 2407 566 2477 uirgam
584 2424 645 2462 nam
665 2409 734 2463 forte
751 2410 862 2465 tenebat
879 2440 910 2448 —

213 2490 292 2559 Quod
310 2494 389 2560 rogat
406 2492 433 2546 in
451 2493 542 2562 spisso
558 2493 649 2548 littore
666 2494 755 2564 pingit
771 2509 849 2564 opus.

178 2575 269 2630 ‘Haeo'
287 2575 377 2647 inquit
395 2576 518 2633 ‘Troiast’
539 2610 565 2617 —
588 2576 724 2633 muros‘in
742 2579 833 2634 littore
851 2577 916 2633 lecit
935 2611 974 2632 -.

212 2661 273 2715 ‘llio
289 2663 339 2718 tibi
357 2663 393 2718 sit
411 2662 516 2718 Simois.
536 2663 604 2717 haee
623 2681 682 2719 mea
700 2670 790 2720 eastra
807 2668 882 2735 puta

131 2760 162 2799 us
176 2747 299 2817 Campus
310 2749 392 2803 erat’-
399 2764 580 2820 campumque
589 2749 682 2811 lauit.
695 2757 783 2821 ‘quern
793 2751 995 2806 uaedeDolonis

210 2832 380 2902 sparsimus,
398 2833 564 2889 Haemonios
582 2835 647 2890 dum
665 2836 731 2905 uigil
749 2843 827 2907 optat
844 2851 937 2906 equos.
