2375 3575
534 481 644 515 nonus.

240 610 316 677 Quas
334 608 433 679 aliquis
451 609 518 663 duro
537 609 659 678 cognitor
677 625 723 662 cre
741 608 821 679 legat.

164 708 190 746 ns
204 697 280 749 Inter
298 694 485 763 ephemeridas
503 694 598 749 melius
616 693 778 764 tabulasque
796 693 923 752 iacerent,

239 780 270 833 ln
290 779 388 849 quibus
406 779 566 847 absumptas
583 779 661 833 ficret
678 796 778 834 auarus
796 796 871 849 opes.

203 865 279 935 Ergo
298 879 417 932 egenos
436 863 516 918 rebus
535 863 658 933 duplices
677 880 726 933 pru
744 865 852 918 nomine
870 866 952 920 sensi.
1024 870 1027 874 ’

238 948 361 1018 Auspicii
380 964 507 1003 numerus
526 965 579 1003 non
598 953 656 1003 erat
673 949 732 1018 ipse
750 949 821 1004 boni.

204 1034 277 1102 Quid
294 1050 389 1103 precer
405 1033 499 1098 iratus,
518 1034 569 1087 nisi
590 1049 639 1087 uos
657 1034 763 1088 cariosa
781 1040 907 1091 senectus

164 1136 190 1173 uu
239 1119 331 1173 Rodat
348 1123 376 1172 et
394 1118 523 1172 inmundo
541 1134 604 1172 cern
621 1118 658 1173 sit
675 1119 736 1173 alba
754 1119 822 1173 situ!

544 1340 632 1406 XIII.

205 1460 263 1513 lam
282 1474 364 1528 super
382 1474 514 1513 oceanum
532 1460 608 1513 uenit
626 1477 642 1513 a
661 1460 766 1514 seniore
786 1458 893 1524 meritc,

239 1544 326 1598 Flaua
343 1543 472 1612 pruinoso
491 1559 562 1613 quae
580 1544 655 1599 uehit
672 1561 722 1598 axe
741 1545 820 1599 diem.

204 1630 417 1697 (improperas,
436 1629 558 1682 Aurora?
577 1631 668 1684 mane!
688 1630 729 1684 sic
745 1630 895 1685 Memnonis
915 1630 1015 1685 umbris

240 1716 339 1769 Annua
356 1712 478 1767 sollemni
497 1714 580 1767 caede
599 1718 725 1783 parentet
742 1714 809 1769 uuis.

179 1814 191 1847 f·
204 1801 283 1854 Nunc
300 1799 377 1853 iuuat
393 1800 420 1853 in
438 1801 538 1854 teneris
556 1799 682 1853 dominae
699 1800 817 1854 iacuIsse
835 1799 950 1855 lacertis

240 1884 268 1938 Si
288 1884 405 1954 quando,
423 1884 501 1938 lateri
520 1901 592 1939 nunc
609 1885 678 1939 bene
695 1885 789 1939 iuncta
805 1893 900 1939 meost.

205 1972 283 2024 Nunc
300 1969 380 2023 etiam
400 1969 487 2023 somni
505 1970 621 2039 pingues
640 1973 667 2023 et
684 1969 798 2039 fulgidus
817 1986 872 2035 aer,

240 2055 276 2109 ut
292 2054 423 2124 quuidum
442 2055 517 2108 tenui
535 2058 645 2124 gutture
664 2059 757 2109 cantat
775 2055 842 2110 auis.
927 2046 930 2051 ’

204 2142 260 2196 Gur
277 2155 417 2209 properas,
436 2140 544 2209 Ingrata
561 2140 634 2197 uirIs.
653 2140 761 2210 ingrata
780 2141 894 2209 puellis?

164 2241 189 2276 ¹⁰
239 2225 360 2280 Roscida
377 2240 515 2294 purpurea
532 2225 672 2294 supprime
689 2225 748 2278 lora
765 2226 859 2279 manu!

204 2311 294 2364 Prima
311 2309 421 2364 bidente
441 2310 516 2365 uides
534 2316 662 2364 oneratos
680 2327 747 2364 arua
765 2309 892 2364 colentes.

237 2395 330 2449 Prima
347 2410 430 2449 uocas
447 2395 540 2449 tardos
559 2395 610 2449 sub
628 2395 691 2465 iuga
709 2396 801 2464 panda
818 2396 910 2450 boues.

202 2481 244 2533 Tu
265 2495 364 2549 pueros
382 2495 478 2535 somno
495 2479 608 2534 fraudas
625 2480 766 2551 tradisque
784 2481 930 2548 magistris,

237 2565 274 2618 Vt
291 2565 407 2620 subeant
424 2569 534 2618 tenerae
551 2564 665 2618 uerbera
682 2581 766 2620 saeua
784 2581 888 2619 manus.

164 2666 188 2701 ιε.
206 2654 279 2705 Ante
297 2653 360 2704 tuns
378 2654 455 2704 onus
473 2649 568 2704 melius
586 2667 638 2704 sua
655 2651 746 2704 sidera
764 2655 856 2705 seruat

238 2734 339 2789 Nauita
356 2751 407 2789 nec
424 2735 514 2789 media
531 2736 640 2788 nescius
659 2748 731 2789 errat
748 2752 827 2806 aqua.

202 2821 243 2875 'Ie
263 2820 351 2890 surgit
369 2820 495 2890 quamuIs
512 2818 603 2874 lassus
622 2821 748 2874 ueniente
766 2820 854 2874 uiator

237 2904 274 2959 Et
291 2904 369 2960 miles
387 2920 486 2959 saeuas
504 2908 583 2974 aptat
601 2905 636 2959 ad
655 2922 730 2958 arma
747 2921 852 2958 manus.
