2375 3575
229 457 277 511 196
545 479 657 515 antonne.

260 609 329 664 Oum
347 608 419 663 desit
436 608 555 662 numeris
572 608 635 677 ipsa
651 607 764 662 iuuenta
782 608 856 662 suis?

226 695 258 759 A,
277 693 363 763 pudet
379 709 520 747 annorum.
539 708 587 746 cur
605 709 648 747 me
665 692 849 763 iuuenemque
866 692 989 760 uirumque
1068 677 1069 704 ¹

189 787 215 828 eo
262 778 317 833 Nec
333 778 461 832 iuuenem
478 794 530 831 nec
547 793 590 831 me
608 779 695 832 sensit
712 778 800 832 amica
818 777 920 832 uirum?

228 861 275 917 Sic
292 862 416 917 flammas
434 862 542 917 aditura
559 863 752 932 pias'aeterna
769 863 899 918 sacerdos

261 946 354 1016 Surgit
371 952 400 1001 et
417 965 434 1001 a
452 963 515 1002 caro
533 947 618 1001 fratre
636 948 757 1002 uerenda
775 963 860 1002 soror.

226 1033 263 1086 At
281 1048 367 1101 nuper
384 1032 427 1087 bis
445 1032 518 1086 flaua
536 1031 643 1097 Chlide,
661 1036 704 1087 ter
721 1032 841 1087 candida
858 1032 942 1097 Pitho,

260 1116 313 1171 Ter
330 1116 412 1172 Libas
430 1116 521 1170 officio
539 1116 700 1171 continuata
717 1123 813 1172 meost.

186 1208 212 1249 25
225 1201 341 1269 Exigere
358 1217 375 1255 a
392 1200 471 1256 nobis
490 1204 608 1269 angusta
625 1205 704 1255 nocte
722 1201 881 1268 Corinnam,

259 1286 302 1340 Me
320 1285 428 1340 memini
447 1302 574 1341 numeros
592 1286 758 1341 sustinuisse
775 1303 885 1342 nouem.

223 1369 294 1423 Num
312 1386 374 1424 mea
391 1370 550 1425 Thessalico
567 1370 699 1439 languent
717 1372 820 1425 deuota
837 1388 944 1427 ueneno

260 1455 397 1525 Corpora?
416 1472 480 1509 num
499 1456 597 1511 misero
616 1472 725 1528 carmen
743 1461 771 1510 et
784 1456 874 1511 herba
892 1457 1003 1513 nocenti
1068 1443 1069 1454 ¹

226 1540 334 1609 Sogane
351 1541 484 1609 poenicea
502 1541 594 1595 defixit
613 1541 723 1595 nomina
740 1557 804 1596 cera

186 1634 212 1674 eo
259 1625 294 1679 Et
311 1626 429 1680 medium
446 1625 537 1680 tenuis
555 1625 584 1679 in
601 1626 676 1680 iecur
694 1626 750 1694 egit
767 1626 853 1681 acus?

225 1710 350 1765 Carmine
368 1710 444 1765 laesa
461 1725 537 1765 ceres
555 1710 676 1765 sterilem
694 1711 819 1765 uanescit
835 1711 864 1765 in
883 1713 1005 1776 herbam,

259 1796 394 1852 Deficiunt
411 1795 479 1850 laesi
498 1796 617 1850 carmine
634 1796 718 1850 fontis
737 1811 838 1865 aquae,

225 1881 335 1936 Ilicibus
353 1881 468 1950 glandes
487 1884 654 1950 cantataque
672 1881 774 1936 uitibus
792 1897 849 1936 uua

257 1966 373 2031 Decidit,
392 1972 419 2021 et
436 1966 510 2020 nullo
529 1983 612 2036 poma
629 1970 756 2020 mouente
773 1966 870 2022 fluunt.

185 2059 210 2098 ³⁵
224 2051 294 2119 Quid
313 2056 389 2106 uetat
406 2057 434 2105 et
452 2067 550 2105 neruos
569 2051 691 2121 magicas
708 2055 817 2121 torpere
835 2069 885 2121 per
903 2055 998 2110 artes?

257 2137 383 2192 Forsitan
401 2137 547 2206 impatiens
565 2137 603 2190 sit
620 2135 693 2190 latus
711 2135 775 2190 inde
793 2153 892 2192 meum.

222 2223 283 2277 Huc
300 2222 389 2292 pudor
407 2221 531 2276 accessit.
551 2221 617 2275 iacti
636 2221 725 2291 pudor
743 2224 803 2290 ipse
822 2223 949 2278 nocebat.

257 2307 304 2362 Ille
322 2307 374 2361 tuit
392 2307 450 2360 uitii
468 2322 553 2361 causa
571 2306 693 2360 secunda
710 2306 772 2360 mei.

223 2396 259 2447 At
277 2392 384 2462 qualem
402 2392 459 2447 uidi
478 2396 585 2447 tantum
603 2391 737 2461 tetigique
754 2391 874 2460 puellam
895 2423 928 2433 -

183 2485 210 2523 ⁴⁰
260 2479 305 2535 Sic
323 2478 405 2532 etiarn
423 2478 517 2532 tunica
533 2477 656 2544 tangitur
673 2476 720 2530 illa
734 2491 786 2530 sua
801 2507 840 2529 —.

222 2564 297 2618 lilius
315 2563 350 2618 ad
367 2567 471 2617 tactum
489 2561 580 2633 Pylius
600 2561 775 2616 iuuenescere
793 2561 891 2631 possit,

256 2649 445 2718 Tithonosque
463 2647 542 2701 annis
560 2646 657 2700 fortior
675 2662 737 2701 esse
755 2646 822 2701 suis.

222 2733 297 2788 ilaec
314 2732 379 2786 mihi
401 2733 560 2800 contigerat.
580 2731 629 2786 sed
648 2732 689 2785 uir
707 2747 760 2785 non
780 2731 896 2799 contigit
913 2731 961 2786 iili.

256 2817 330 2885 Quas
349 2834 421 2871 nunc
439 2817 591 2885 concipiam
609 2833 658 2886 per
676 2832 749 2870 noua
766 2819 833 2870 uota
851 2817 966 2886 preces?

182 2908 209 2945 ⁴⁵
222 2903 310 2958 Oredo
328 2902 410 2956 etiam
429 2918 555 2970 magnos,
575 2917 629 2971 quo
648 2918 708 2956 sum
726 2906 782 2956 tam
800 2901 918 2971 turpiter
935 2918 975 2956 usi
