2375 3575
440 492 558 525 mummi
572 490 674 525 aaronis.
894 466 940 520 109

169 605 232 660 Illic
251 608 279 658 et
296 603 409 657 iuuenes
427 602 499 657 uotis
518 602 620 657 obliuia
636 606 766 672 poscunt,

206 690 244 743 Et
262 689 369 759 siquast
387 688 454 742 duro
473 692 555 760 eapte
571 688 664 758 puella
682 688 748 741 niro.

129 803 155 840 55
171 777 201 831 Is
220 775 286 829 mibi
304 774 344 829 sio
362 774 430 828 dixit
448 803 479 811 -
499 773 600 839 dubito,
619 790 736 828 uerusne
755 773 874 843 Cupido,

207 864 252 916 An
271 876 383 915 somnus
401 858 488 913 fuerit.
508 860 557 914 sed
574 862 655 928 puto,
675 875 787 913 somnus
806 861 864 912 erat
882 890 913 897 —

173 947 205 1001 ‘0
225 946 273 1015 qui
291 944 422 999 sollicitos
440 945 520 999 modo
540 944 602 1010 das,
621 943 702 998 modo
721 944 806 999 demis
825 959 942 1008 amores,

208 1031 295 1086 Adiee
312 1030 466 1100 praeceptis
484 1030 537 1084 hoo
555 1046 676 1099 quoque,
696 1029 781 1094 Naso,
800 1029 864 1083 tuis.

173 1118 218 1172 Ad
231 1117 304 1170 mala
316 1116 431 1186 quisque
444 1116 562 1170 animum
577 1114 678 1169 referat
696 1132 757 1179 sua,
771 1118 856 1185 ponet
868 1130 993 1168 amorem.

129 1227 161 1265 ω
211 1201 343 1256 Omnibus
361 1200 407 1255 illa
424 1202 491 1255 (leus
509 1201 607 1271 plusne
625 1201 750 1255 minusue
768 1200 851 1276 dedit.

175 1288 228 1355 Qui
245 1286 342 1342 Puteal
359 1288 507 1357 Ianumque
525 1286 604 1340 timet
621 1285 777 1356 celeresque
795 1284 938 1349 kalendas,

210 1374 348 1443 Torqueat
366 1372 437 1426 buno
455 1371 526 1426 aeris
545 1376 640 1425 mutua
658 1387 764 1425 summa
782 1372 831 1426 sui.

176 1459 227 1514 Cui
245 1459 329 1512 durus
347 1463 425 1527 pater
442 1461 496 1522 est,
516 1461 547 1510 ut
564 1461 630 1512 uoto
649 1461 740 1511 cetera
758 1457 869 1521 cedant,

209 1544 281 1598 linio
298 1548 376 1615 pater
394 1547 458 1598 ante
475 1542 569 1597 oeulos
588 1542 672 1597 durus
690 1543 831 1597 habendus
849 1540 907 1596 erit

129 1650 162 1689 aa
175 1630 229 1684 Hie
247 1628 317 1683 male
335 1630 431 1683 dotata
447 1644 552 1698 pauper
570 1644 632 1681 enm
650 1628 764 1697 coniuge
783 1628 857 1681 uiuit.

210 1715 325 1768 onrem
343 1714 400 1769 fato
419 1714 513 1768 eredat
530 1714 628 1768 obesse
646 1730 705 1769 suo.

175 1801 229 1856 Est
246 1800 296 1855 tibi
313 1816 374 1854 rure
394 1801 466 1855 bono
484 1815 634 1868 generosae
651 1799 747 1855 fertilis
767 1817 837 1854 uuae

209 1885 313 1939 Vinea?
332 1901 366 1939 ne
383 1901 500 1940 nascens
519 1889 582 1939 usta
601 1885 637 1939 sit
655 1901 721 1951 uua,
740 1885 814 1940 time.

175 1971 225 2025 llle
243 1969 325 2025 habet
342 1970 370 2024 in
387 1971 476 2024 reditu
494 1971 593 2025 neuim.
612 1986 686 2025 mare
704 1986 812 2040 semper
829 1971 950 2041 iniquum

129 2076 161 2116 uo
210 2056 319 2124 Cogitet
337 2060 364 2109 ot
382 2056 480 2110 damno
498 2055 591 2109 littora
608 2056 664 2110 feta
682 2072 739 2110 suo.

176 2141 263 2196 Filius
280 2141 354 2196 buno
370 2140 460 2206 miles,
479 2144 507 2195 te
524 2141 581 2195 filia
598 2140 697 2196 nubilis
717 2144 808 2209 angat.

209 2227 246 2280 Et
264 2227 325 2296 quis
344 2242 398 2280 non
416 2242 514 2281 causas
533 2225 606 2280 mille
624 2225 725 2280 doloris
743 2226 843 2280 habet?

178 2313 214 2367 Vt
231 2327 331 2381 posses
348 2311 440 2366 odisse
457 2315 544 2376 tuam,
563 2311 638 2376 Pari,
657 2311 753 2365 funera
771 2311 884 2365 fratrum

211 2396 352 2451 Debueras
370 2396 456 2450 oeulis
474 2396 649 2451 substituisse
667 2396 740 2450 tuis'
774 2393 777 2400 ’

129 2500 163 2537 us
176 2483 260 2538 Plura
277 2480 445 2551 loquebatur.
463 2481 600 2550 placidum
618 2481 729 2551 puerilis
746 2481 837 2550 imago

208 2566 342 2622 Destituit
358 2582 490 2632 somnum,
509 2566 533 2620 si
551 2566 632 2621 modo
651 2583 763 2622 somnus
782 2571 847 2621 erat.

173 2653 247 2722 Quid
263 2652 380 2707 faeiem?
398 2651 489 2706 media
505 2651 597 2706 nauim
614 2652 756 2707 Palinurus
774 2652 803 2706 in
821 2652 895 2706 unda

207 2738 325 2794 Deserit.
342 2738 452 2806 ignotas
470 2752 553 2806 sogor
569 2736 638 2792 inire
655 2738 724 2792 uias.

180 2823 311 2894 Quisquis
329 2839 416 2888 ames,
435 2822 497 2877 iooa
514 2822 574 2877 sola
591 2827 698 2878 nocent.
717 2823 779 2878 loca
797 2823 857 2878 sola
873 2827 978 2879 caueto.

129 2924 162 2962 no
210 2910 272 2977 Qno
289 2907 379 2976 fugis?
397 2906 425 2961 in
443 2906 546 2978 populo
563 2907 648 2963 tutior
666 2923 728 2963 esse
745 2911 833 2979 potes.
