2375 3575
240 446 275 501 30
518 464 565 499 sss
581 464 725 500 unsronm.

240 600 310 669 Quid
327 599 376 654 tibi
394 615 456 654 curn
468 598 599 653 calathis?
618 598 704 669 clipeo
717 615 814 654 manus
826 604 893 670 apta
910 601 1034 657 ferendost

274 685 363 740 Pensa
381 684 447 755 quid
463 684 491 739 in
509 684 617 749 dextra,
637 701 691 755 qua
709 685 789 739 cadet
805 685 919 753 Hector,
937 687 1024 743 habes?

190 781 226 821 cae
241 771 322 826 Reice
341 770 493 826 succinctos
512 785 628 840 operoso
647 769 762 825 stamine
779 769 871 826 fusos!

274 855 463 924 Quassandast
480 856 534 910 ista
551 855 640 910 Pelias
658 855 738 909 hasta
755 871 846 910 manu.

239 941 319 997 Forte
337 944 395 996 erat
412 941 440 994 in
457 940 576 994 thalamo
594 940 671 1009 uirgo
689 939 787 1008 regalis
805 941 909 997 eodem.

272 1026 347 1082 Haec
364 1026 439 1081 illum
456 1031 551 1096 stupro
570 1025 701 1095 comperit
718 1041 779 1080 esse
796 1026 894 1083 uirum.

190 1099 196 1108 ’
240 1111 347 1167 Viribus
365 1111 412 1166 illa
430 1112 538 1182 quidem
556 1112 665 1165 uictast.
683 1110 723 1164 ita
741 1111 850 1166 credere
870 1119 985 1184 oportet,

189 1210 226 1248 roo
274 1197 329 1252 Sed
347 1195 433 1250 uoluit
450 1197 523 1250 uinci
540 1196 642 1251 uiribus
660 1195 707 1250 illa
724 1200 823 1251 tamen.

240 1283 328 1352 Saepe
347 1282 454 1337 ‘manet’
472 1282 552 1348 dixit,
571 1298 632 1335 cum
650 1282 704 1335 iam
723 1286 881 1351 properaret
898 1284 1016 1339 Achilles

271 1367 364 1422 Fortia
381 1383 444 1422 nam
461 1367 552 1438 posito
570 1369 724 1436 sumpserat
742 1383 817 1420 arma
835 1368 903 1424 colo.

238 1453 284 1508 Vis
302 1453 349 1508 uhi
367 1469 438 1507 nunc
454 1452 544 1507 illast?
564 1452 629 1522 quid
647 1452 748 1507 blanda
765 1467 834 1506 uoce
852 1455 966 1511 moraris

224 1539 417 1606 Auctorem
435 1538 535 1608 stupri,
553 1537 707 1604 Deidamia,
725 1537 783 1591 tui?

187 1638 223 1676 ror
238 1624 347 1680 Scilicet
363 1626 395 1678 ut
411 1624 499 1694 pudor
517 1626 559 1678 est
577 1623 710 1693 quaedam
729 1622 852 1693 coepisse
869 1625 996 1694 priorem,
1022 1667 1025 1673 .

272 1709 316 1765 Sic
334 1709 386 1764 alio
404 1712 538 1778 gratumst
554 1708 699 1778 incipiente
716 1708 782 1779 pati.

237 1799 271 1862 A,
290 1796 400 1851 nimiast
417 1794 507 1850 iuueni
525 1794 651 1865 propriae
669 1794 768 1849 fiducia
785 1794 900 1862 formae,

271 1881 405 1952 Expectat
423 1881 521 1951 siquis,
540 1881 605 1934 dum
622 1880 696 1949 prior
714 1879 760 1934 illa
776 1884 861 1949 roget.

238 1968 282 2022 Vir
299 1968 372 2038 prior
390 1967 514 2031 accedat,
536 1966 575 2019 uir
594 1965 677 2020 uerba
694 1966 834 2035 precantia
852 1966 937 2033 dicat,

187 2066 224 2105 rto
270 2053 397 2123 Excipiet
413 2051 526 2107 blandas
545 2051 655 2105 comiter
672 2050 719 2104 illa
737 2066 839 2121 preces.

237 2140 271 2195 Vt
288 2139 406 2210 potiare,
425 2153 499 2207 roga.
515 2140 622 2191 tantum
640 2136 715 2206 cupit
732 2136 778 2190 illa
795 2137 892 2204 rogari.

270 2226 312 2281 Da
330 2240 441 2280 causam
458 2224 515 2277 noti
533 2221 748 2292 principiumque
765 2220 812 2275 tui.

236 2311 358 2384 luppiter
376 2310 411 2366 ad
428 2312 534 2363 ueteres
553 2306 668 2377 supplex
686 2306 810 2361 heroidas
828 2306 898 2374 ibat,

270 2397 397 2469 Corrupit
412 2410 539 2464 magnum
551 2393 624 2448 nulla
640 2392 731 2463 puella
747 2392 847 2446 Ionem.

186 2493 222 2534 ur
237 2485 266 2543 Si
282 2487 373 2539 tamen
392 2499 409 2537 a
425 2480 550 2551 precibus
568 2478 687 2533 tumidos
704 2476 834 2532 accedere
851 2476 940 2535 fastus

271 2568 406 2634 Senserit,
424 2567 533 2636 incepto
551 2580 633 2635 parce
650 2562 774 2632 referque
791 2563 897 2632 pedem.

236 2655 314 2725 Quod
331 2653 431 2723 refugit
456 2650 557 2705 multae
575 2648 693 2718 cupiunt.
719 2648 800 2702 odere
823 2649 896 2718 quod
913 2649 1004 2707 instat

269 2740 368 2797 Lenius
386 2736 513 2794 instando
531 2735 623 2790 taedia
640 2732 705 2788 tolle
722 2731 770 2785 tui.

235 2826 290 2883 Neo
308 2840 414 2894 semper
431 2821 537 2877 ueneris
555 2836 619 2889 spes
638 2821 679 2873 est
696 2816 850 2887 profitenda
867 2820 982 2888 roganti.

186 2921 222 2963 mo
269 2913 355 2968 Intret
372 2907 505 2965 amicitiae
523 2906 631 2960 nomine
647 2906 737 2958 tectus
755 2917 838 2956 amor.

446 3115 604 3140 ..m-n..
