2375 3575
554 486 663 519 nunnus.
682 486 685 490 ·
945 464 990 516 121

262 613 298 667 Et
316 630 446 683 possessa
463 614 537 669 ferus
555 621 666 684 pectora
685 622 777 669 uersat
794 618 885 671 Amor.

224 699 362 764 dedimus
381 717 415 753 an
434 700 552 754 subitum
569 699 699 754 luctando
717 700 889 755 accendimus
906 701 1015 770 ignem?

185 797 211 835 10
261 784 404 839 Cedamus.
423 784 483 838 lene
500 785 538 850 fit,
557 785 629 854 quod
649 786 717 839 bene
735 785 827 852 fertur,
847 802 924 841 onus.

225 869 285 922 Vidi
305 884 356 937 ego
373 870 489 924 iactatas
509 876 582 923 mota
600 870 660 924 face
678 886 800 925 crescere
816 869 948 936 flammas,

258 953 458 1009 1111111111
477 954 648 1009 concutiente
668 956 743 1009 mori.

224 1039 342 1093 Verbera
359 1040 437 1109 plura
454 1040 551 1094 ferunt
570 1057 652 1110 quam
671 1056 740 1110 quos
757 1042 833 1095 iuuat
851 1058 918 1096 usus
935 1043 1025 1108 aratri,

258 1124 419 1179 Detractant
435 1126 522 1195 pressi
541 1125 605 1180 dum
623 1126 688 1196 iuga
705 1127 792 1196 prima
809 1128 902 1182 boues.

187 1222 210 1259 15
225 1214 314 1279 Asper
332 1226 419 1280 equus
437 1210 511 1265 dnus
529 1212 704 1266 contunditur
722 1229 770 1266 ora
788 1211 897 1282 lupatis.

258 1294 347 1349 Frena
363 1295 452 1351 minus
470 1296 703 1367 sentit‚·quisquis
723 1297 757 1352 ad
775 1314 851 1352 arma
868 1298 942 1352 facit.

223 1380 321 1434 Acrius
338 1380 439 1435 inuitos
456 1382 596 1452 multoque
613 1383 730 1437 ferocius
748 1387 836 1453 urget,

257 1466 345 1533 Quam
363 1467 409 1536 qui
427 1467 568 1521 seruitium
584 1467 654 1522 ferre
672 1468 800 1534 fatentur,
818 1471 909 1523 Amor.

222 1550 262 1604 Eu
277 1567 374 1621 ego-
387 1552 517 1605 confiteor
528 1550 562 1592 —'
573 1556 622 1606 tua
640 1570 700 1607 sum
713 1540 785 1607 noua
797 1553 906 1623 praeda,
925 1554 1041 1624 Cupido.

183 1646 208 1684 ’.11
250 1636 421 1705 ¹Porrigimus
439 1638 526 1691 uictas
544 1638 580 1691 ad
597 1642 646 1692 tua
662 1638 722 1692 iura
739 1655 845 1693 manus.

222 1722 262 1775 n‘il
282 1738 351 1792 opus
370 1728 412 1777 est
429 1722 506 1777 bello.
527 1724 633 1777 ueniam
651 1739 800 1795 pacemque
817 1740 954 1794 rogamus.

255 1807 311 1862 Neo
328 1808 376 1862 tibi
394 1808 454 1864 lans
472 1809 554 1863 armis
573 1810 661 1864 uictus
679 1810 789 1865 inermis
807 1827 862 1864 ero.

221 1893 305 1947 Necte
324 1909 427 1947 comam
447 1900 546 1965 myrto,
565 1899 702 1949 maternas
720 1896 801 1965 iunge
820 1896 968 1951 columbas.

255 1978 308 2045 Qui
327 1979 430 2042 deceat
449 1995 555 2033 currum
573 1980 686 2034 uitricus
704 1981 763 2049 ipse
781 1980 865 2035 dabit.

181 2072 206 2111 ‘25
221 2065 308 2133 Inque
326 2064 390 2118 dato
409 2080 489 2118 curru
506 2064 608 2134 populo
627 2065 759 2119 clamante
777 2064 943 2135 triumphum

255 2148 347 2204 Stabis
365 2155 392 2203 et
410 2150 552 2204 adiunctas
571 2156 629 2204 arte
646 2151 767 2204 monebis
785 2166 860 2204 aues.

220 2235 361 2289 Ducentur
378 2235 451 2304 capti
469 2235 582 2290 iuuenes
601 2239 752 2305 captaeque
771 2234 886 2305 puellae.

255 2319 330 2374 Haec
346 2320 396 2375 tibi
414 2320 573 2390 magnificus
591 2337 691 2390 pompa
708 2320 860 2390 triumphus
879 2321 936 2374 erit.

221 2408 284 2475 ipsc
295 2421 354 2475 ego,
373 2405 476 2475 praeda
487 2422 589 2471 recens,
608 2406 709 2460 facturn
722 2407 802 2461 modo
815 2405 913 2461 uulnus
926 2406 1039 2470 habebo,

178 2503 204 2539 :to
254 2490 290 2545 Et
307 2508 379 2546 noua
396 2491 507 2560 captiua
525 2493 632 2546 uincula
650 2497 739 2546 ruente
757 2493 850 2547 feram.

218 2576 296 2630 Mens
314 2576 391 2631 Bona
407 2576 521 2631 ducetur
538 2577 663 2632 manibus
681 2582 744 2646 post
761 2582 839 2646 terga
856 2578 965 2632 retortis

254 2660 289 2715 Et
306 2660 397 2716 Pudor
415 2667 443 2716 et
460 2662 557 2718 castris
576 2663 707 2733 quidquid
725 2663 832 2718 Amoris
850 2664 936 2718 obest.

219 2747 318 2801 Omnia
334 2752 363 2800 te
381 2752 508 2802 metuent.
527 2749 562 2803 ad
580 2757 607 2802 te
626 2765 677 2803 sun
694 2748 821 2803 bracchia
838 2748 954 2803 tendens

256 2833 355 2904 Volgus
374 2833 417 2887 ‘io'
434 2850 534 2903 magna
551 2850 618 2888 uoce
636 2834 787 2903 ‘triumphe'
805 2840 893 2889 canet.

178 2928 203 2964 ³³·
218 2917 371 2973 Blanditiae
388 2919 501 2973 comites
518 2919 566 2973 tibi
585 2925 665 2973 erunt
681 2908 819 2990 Errorque⁴
834 2919 986 2991 Furorque,
