2375 3575
443 485 561 530 nuunnm
574 495 677 529 maome.
896 472 945 527 115

176 625 306 681 Thestias
323 626 464 681 absentem
482 625 624 679 succendit
641 624 734 695 stipite
750 628 853 679 natum.

211 710 253 765 'l'u
271 711 364 765 timide
381 710 506 765 dammae
523 710 628 780 perfida
645 710 730 765 uerba
747 710 842 765 dabis?

177 797 205 850 Si
225 801 318 865 potes,
336 801 364 851 et
382 812 459 850 ceras
478 811 593 850 remoue.
613 795 679 865 quid
696 795 813 865 imagine
830 799 907 850 muta

212 881 357 951 Carperis?
376 882 427 936 hoc
444 881 524 951 periit
542 880 691 935 Laodamia
708 880 796 936 modo.

129 976 163 1015 ras
177 966 214 1021 Et
231 966 294 1021 loca
310 966 396 1021 multa
413 970 520 1021 nocent.
538 965 627 1035 fugito
645 966 707 1021 loca
724 966 836 1021 conseia
851 967 936 1023 uestri

211 1052 386 1107 Concubitus.
406 1068 505 1107 causas
522 1051 569 1105 illa
587 1051 688 1106 doloris
704 1051 814 1107 habent.

176 1137 237 1191 ‘llic
254 1136 314 1203 fuit,
332 1138 377 1192 hic
395 1137 495 1192 cubuit.
513 1136 635 1192 thalamo
654 1137 829 1192 dormiuimus
846 1137 900 1193 illo.

210 1221 263 1276 llic
280 1222 345 1276 mihi
363 1222 468 1277 lasciua
484 1222 584 1291 gaudia
602 1226 683 1277 nocte
700 1222 792 1277 dedit'

176 1306 325 1362 Admonitu
342 1307 484 1362 refricatur
502 1324 577 1361 amor
600 1307 755 1377 nulnusque
772 1312 902 1364 nouatum

129 1401 164 1442 rso
213 1392 357 1449 Scinditur.
375 1392 487 1447 infirmis
506 1410 591 1447 causa
609 1392 709 1462 pusilla
726 1398 814 1448 nocet.

178 1477 213 1531 Vt
230 1492 318 1547 paene
336 1478 483 1533 extinctum
501 1479 618 1533 cinerem
637 1478 660 1532 si
678 1477 788 1548 sulpure
805 1484 915 1550 tangas,

211 1562 292 1616 Vinet
309 1568 337 1617 et
355 1579 370 1617 e
387 1564 497 1617 minimo
516 1564 649 1618 maximus
667 1564 738 1633 ignis
757 1565 820 1631 erit,

177 1647 236 1710 Sic,
256 1646 308 1702 nisi
327 1648 421 1704 nitaris
439 1649 572 1719 quidquid
589 1650 733 1704 renouabit
750 1666 879 1716 amorem,

212 1731 334 1786 Flamma
351 1733 536 1800 redardescet,
556 1751 627 1805 quae
644 1735 725 1790 modo
742 1735 816 1791 nulla
833 1736 891 1791 fuit.

129 1830 163 1868 rso
176 1819 321 1887 Argolides
340 1825 471 1889 cuperent
488 1820 591 1888 fugisse
610 1820 752 1890 Capharea
769 1838 875 1892 puppes

211 1904 316 1975 Teque,
334 1920 430 1970 senex,
447 1905 537 1960 luctus
555 1906 662 1974 ignibus
681 1906 736 1960 ulte
753 1911 824 1962 tuos.

177 1990 328 2045 l'meterita
345 1997 442 2045 cautus
459 1989 568 2045 Niseide
586 1991 681 2044 nauita
698 1993 807 2060 gaudet.

210 2075 253 2129 Tu
271 2074 344 2142 loca,
362 2090 432 2146 quae
451 2076 560 2130 nimium
580 2081 659 2144 grata
677 2077 764 2143 luere,
783 2094 857 2132 caue.

176 2161 253 2215 Haec
270 2160 318 2215 tibi
337 2160 393 2215 sint
410 2159 512 2232 Syrtes.
529 2162 599 2215 haee
616 2163 816 2217 Acroceraunia
833 2165 897 2217 uita.

130 2255 162 2294 rm
211 2246 263 2300 Hic
281 2246 366 2300 uomit
383 2252 479 2316 epotas
497 2246 556 2301 dira
573 2246 724 2318 Charybdis
742 2264 836 2318 aquas.

175 2333 247 2385 Sunt
264 2347 335 2402 quae
352 2347 407 2385 non
423 2336 540 2400 possunt
558 2331 650 2402 aliquo
669 2337 782 2401 cogente
800 2334 896 2398 iuberi,

210 2417 300 2486 Saepe
317 2425 409 2471 tamen
428 2432 493 2471 casu
511 2417 586 2471 iacta
604 2417 698 2472 iuuare
716 2419 812 2474 solent.

176 2500 276 2556 Perdat
294 2517 361 2571 opes
379 2501 510 2557 Phaedra.
527 2518 638 2572 parces,
657 2503 793 2573 Neptune,
813 2506 916 2574 nepoti,

212 2585 267 2640 h'ec
284 2587 366 2640 faciet
383 2587 499 2657 pauidos
517 2592 612 2642 taurus
630 2589 721 2644 auitos
739 2606 832 2661 equos.

130 2684 161 2720 aa
176 2671 312 2740 [Gnosida
329 2672 442 2727 fecisses
460 2673 577 2742 inopem.
598 2675 736 2743 sapienter
754 2681 882 2731 amasset.

210 2756 320 2812 Diuitiis
338 2757 418 2812 alitur
435 2757 589 2813 luxuriosus
608 2761 704 2830 amon]

175 2842 232 2896 Gur
249 2846 369 2908 nemost,
386 2843 519 2910 Hecalen,
538 2844 652 2910 nullast,
671 2861 742 2916 quae
760 2847 862 2915 ceperit
879 2846 958 2901 lronl

209 2925 313 2997 Nempe
330 2929 404 2998 qnod
421 2928 490 2983 alter
507 2944 598 2998 egens,
618 2930 704 2984 altera
720 2947 825 3001 pauper
843 2935 908 2986 emt.

825 3036 850 3078 p
