2375 3575
255 398 303 451 110
516 422 636 459 numm
648 422 751 456 amorra.

252 552 311 606 Non
329 551 379 606 tibi
398 554 557 607 secretis-
569 555 673 621 augent
690 554 796 607 secreta
812 549 923 607 furores
942 581 972 591 -
1034 553 1035 557 ’

288 636 338 691 Est
355 653 433 707 opus.
453 636 553 691 anxilio
571 638 653 693 turba
668 639 761 692 futura
778 636 864 692 tibist.

251 720 350 776 Tristis
368 722 435 787 eris,
454 723 477 777 si
495 721 571 777 eolus
588 723 650 777 eris.
670 722 851 791 dominaeque
868 720 982 777 relictae

287 807 358 861 Ante
375 806 470 861 oculos
488 806 573 861 iacies
591 807 687 873 stabit,
706 811 736 861 ut
753 806 828 877 ipsa,
847 811 922 862 tuos.

202 902 239 940 ⁵⁸⁵
252 891 366 947 Tristior
383 892 485 946 idcirco
503 909 557 946 nox
574 897 619 947 est
636 906 719 961 quam
735 897 861 961 tempora
878 891 990 947 Phoebi.

287 977 362 1044 Quae
380 976 484 1031 releuet
500 975 603 1042 luctus,
622 976 702 1031 turba
720 976 823 1032 sodalis
840 977 930 1033 abest

251 1062 307 1116 Nec
324 1061 389 1131 fuge
407 1062 591 1132 conloquium,
612 1077 662 1115 nee
680 1062 717 1116 sit
734 1062 783 1117 tibi
800 1062 886 1116 ianua
904 1062 1009 1128 clausa,

286 1147 341 1201 Nec
358 1147 477 1201 tenebris
495 1147 588 1201 uultus
606 1146 704 1201 flebilis
723 1146 795 1202 abde
812 1150 886 1202 tuos.

253 1231 366 1301 Semper
382 1231 453 1286 habe
470 1230 590 1301 Pyladen
609 1232 739 1302 aliquem,
759 1231 805 1302 qui
824 1236 903 1287 curet
920 1232 1044 1289 Orestem

202 1328 239 1366 nce
286 1316 338 1371 Hic
355 1331 465 1387 quoque
483 1316 619 1371 amicitiae
639 1333 692 1371 non
710 1316 780 1373 leuis
798 1334 867 1373 usus
885 1318 945 1373 erit

253 1402 324 1469 Quid
340 1401 393 1456 nisi
411 1405 534 1456 secretae
551 1401 692 1456 laeserunt
709 1401 833 1473 Phyllida
850 1401 956 1459 siluae?

286 1486 368 1541 certa
385 1487 460 1541 necis
479 1490 599 1542 causast.
616 1487 776 1542 incomitata
791 1487 852 1541 fuit.

253 1572 326 1638 lbet,
344 1575 375 1625 ut
393 1571 488 1626 Edono
506 1572 626 1627 referens
644 1573 782 1627 trieterica
799 1572 911 1627 Baccho

286 1657 329 1711 Ire
347 1656 417 1711 solet
434 1656 503 1712 lueis
521 1657 638 1712 barbara
654 1656 735 1712 turba
752 1656 851 1721 comis,

202 1752 240 1790 ses
253 1742 288 1797 Et
306 1742 398 1807 modo,
418 1757 473 1813 qua
489 1746 610 1813 peterat,
629 1741 739 1812 longum
758 1741 904 1812 spectabat
920 1741 949 1798 in
961 1756 1062 1814 aequor,

286 1828 363 1883 Nunc
379 1828 408 1882 in
425 1829 561 1882 harenosa
577 1828 653 1883 lassa
669 1828 777 1883 iacebat
794 1827 887 1881 humo.
956 1874 960 1880 .

253 1913 365 1968 ‘Perfide
382 1912 583 1982 Demophoonl’
602 1913 700 1968 surdas
718 1912 855 1967 clamabat
872 1912 910 1967 ad
927 1913 1026 1978 undas,

285 1998 431 2068 Ruptaque
450 1998 570 2067 singultu
588 1998 672 2052 uerba
689 1997 827 2066 loquentis
845 2002 932 2052 erant

253 2085 342 2138 Limes
361 2087 419 2137 erat
436 2084 526 2138 tenuis
545 2083 627 2152 longa
645 2083 805 2138 subnubilus
824 2082 933 2149 umbra,

201 2174 239 2213 ⁶⁰0
287 2169 346 2236 Quo
363 2167 426 2222 tulit
443 2167 490 2222 illa
508 2184 573 2222 suos
592 2168 627 2222 ad
646 2185 720 2223 mare
738 2183 822 2237 saepe
840 2167 934 2236 pedes.

252 2253 329 2309 Nona
345 2255 483 2308 terebatur
500 2253 616 2308 miserae
634 2253 687 2308 uia
706 2253 834 2307 ‘uideritl'
852 2252 956 2324 inquit,

286 2338 322 2392 Et
339 2342 448 2409 spectat
465 2354 560 2393 zenam
579 2338 681 2407 pallida
698 2338 773 2392 facta
790 2353 881 2403 suam,

254 2423 360 2493 Aspicit
377 2428 404 2478 et
421 2440 520 2478 ramos.
540 2423 647 2478 dubitat
664 2423 820 2493 refugitque
837 2423 913 2493 qnod
930 2423 1024 2488 audet,

287 2507 323 2562 Et
339 2509 418 2564 timet
436 2513 463 2562 et
481 2508 582 2577 digitos
600 2509 706 2563 adsue
724 2507 795 2564 colla
811 2508 903 2562 refert

201 2598 240 2637 ⁶⁰5
254 2593 373 2660 Sithoni,
391 2599 457 2648 tnnc
475 2598 549 2648 certe
567 2593 664 2649 uellem
682 2608 737 2647 non
756 2592 816 2648 sola
832 2592 944 2649 fuisses.

286 2678 346 2732 Non
362 2678 457 2734 flesset
474 2678 572 2748 positis
590 2678 714 2750 Phyllida
732 2677 804 2732 silua
822 2677 916 2733 cernis.

253 2762 384 2836 Phyllidis
401 2762 526 2832 exemplo
543 2763 655 2817 nimium
675 2769 783 2818 secreta
800 2763 909 2829 timete,

288 2847 375 2903 Laese
392 2848 435 2902 uir
453 2865 471 2902 a
487 2847 610 2914 demina,
629 2849 705 2904 laesa
721 2847 813 2917 puella
830 2847 899 2902 uiro.
