2375 3575
550 480 658 516 umores.
938 467 986 520 123

218 615 276 670 Nec
295 629 370 668 meus
387 613 534 668 innumeris
552 618 699 669 renouatur
716 630 829 686 campus
847 619 956 684 amum,

179 697 205 736 ¹⁰
254 706 401 777 Temperat
416 705 446 756 ct
463 704 588 770 sumptus
607 716 706 769 parcus
726 706 838 773 uterque
856 720 967 774 pareus,

218 796 257 849 At
274 790 399 846 Phoebus
417 786 586 856 comitesque
604 802 702 840 nouem
721 787 838 858 uitisque
856 794 977 859 repertor

253 878 324 932 Hinc
341 874 452 929 iaciunt
471 878 500 926 st
516 887 559 925 me
578 871 624 941 qui
643 871 691 925 tibi
712 872 795 927 donet
814 877 895 929 Amor

219 964 254 1018 Et
272 961 338 1017 nulli
355 975 467 1015 cessura
484 958 552 1011 fides
570 957 629 1010 sine
648 958 757 1012 crimine
777 976 865 1014 meres

252 1048 385 1117 Nudaque
402 1043 562 1112 simplicitas
581 1034 789 1114 purpureusque
803 1046 899 1114 pudor.

179 1120 277 1189 15Νοιι
295 1131 360 1186 mihi
378 1130 449 1184 mille
468 1128 584 1199 placent.
604 1144 657 1182 nou
677 1145 735 1183 sum
755 1128 875 1184 desultor
893 1132 1000 1186 amoris.

251 1217 294 1273 'l'u
310 1217 383 1280 milri
402 1216 482 1285 siqua
499 1214 573 1278 fides
593 1230 658 1268 cura
675 1215 801 1283 perennis
819 1215 880 1270 eris.

216 1302 318 1358 Tecum
337 1317 406 1373 quos
425 1300 549 1355 dederint
566 1315 653 1353 auncs
672 1300 735 1353 mihi
754 1299 800 1354 iila
817 1317 938 1356 sororum

249 1388 348 1443 Viuere
365 1387 508 1455 contingat
524 1390 608 1456 teque
627 1384 735 1439 dolente
753 1386 829 1440 mori.

213 1474 253 1529 'l'e
271 1472 337 1527 mihi
354 1471 494 1527 materiem
512 1470 618 1525 felicem
636 1471 663 1524 in
682 1471 801 1525 carmina
818 1473 930 1541 praebe,

174 1543 199 1585 ²⁰
247 1559 411 1614 Prouenient
429 1572 512 1611 causa
531 1556 651 1610 carmina
669 1556 753 1624 digua
770 1573 829 1611 sua.

213 1645 339 1701 Carmine
356 1633 453 1698 numen
471 1642 573 1697 habent
591 1642 719 1696 exterrita
737 1643 862 1697 cornibus
881 1644 910 1698 le

246 1730 283 1785 Et
301 1745 381 1803 quam
399 1730 527 1783 fluminea
544 1727 610 1782 lusit
628 1727 734 1781 adulter
746 1726 815 1791 aue,

211 1818 343 1886 Quaeque
361 1832 443 1886 super
461 1822 575 1885 pentum
593 1813 720 1869 simulato
739 1820 820 1868 uecta
837 1816 951 1870 iuuenco

246 1901 374 1970 Virginea
390 1902 478 1956 tenuit
495 1917 598 1955 cernua
614 1917 681 1954 uara
700 1917 787 1954 manu.

171 1977 197 2016 ²⁵
210 1987 268 2042 Nos
286 2003 395 2057 queque
413 2003 462 2056 per
479 1990 567 2040 tutum
585 1986 688 2055 pariter
706 1987 874 2041 cantabimur
892 1988 995 2047 orbem,

245 2073 396 2142 Iunctaque
414 2088 522 2142 semper
539 2079 619 2126 erunt
637 2073 746 2126 nemina
763 2077 856 2127 nestra
874 2073 937 2127 tuis.

572 2296 644 2361 llll.

209 2415 257 2469 Vir
273 2419 339 2470 tuus
357 2419 400 2469 est
417 2413 512 2484 epulas
531 2415 609 2469 nobis
628 2415 751 2469 aditurus
770 2415 888 2469 easdem.

246 2500 344 2555 Vltima
361 2516 447 2555 coena
462 2503 512 2554 tuo
530 2502 572 2563 sit
590 2517 693 2570 precor,
711 2499 757 2554 illa
775 2501 841 2554 uiro.

207 2586 283 2655 Ergo
301 2601 352 2654 ege
370 2585 496 2641 dilectam
514 2590 622 2640 tantum
640 2586 758 2640 corruiua
775 2585 892 2655 puellam

245 2671 401 2741 Aspiciam?
419 2671 495 2740 tangi
513 2687 592 2741 quem
612 2673 694 2734 iuuet,
714 2671 781 2726 alter
799 2672 866 2726 erit?

180 2753 193 2789 ⁵
208 2756 383 2826 Alteriusque
401 2757 477 2812 sinus
496 2763 560 2827 apte
578 2757 701 2811 subiecta
719 2758 840 2811 icuebis?

243 2841 339 2896 Iniciet
357 2841 426 2896 colle
445 2859 505 2896 curn
523 2842 599 2896 uolet
616 2842 661 2896 ille
680 2845 806 2897 menum?

207 2926 310 2982 Desine
327 2926 426 3020 mirari,
446 2929 537 2997 positu
555 2928 629 2998 qued
648 2929 764 2983 candida
782 2929 846 2983 uino
