2375 3575
508 486 617 520 turonas.
898 464 945 515 195

174 616 336 669 Damnosus
354 614 447 684 pecori
465 615 558 679 curris,
578 615 737 669 damnosior
756 616 836 684 agris.

129 715 159 752 oo
213 699 340 752 Forsitan
359 698 427 752 haec
445 698 526 764 alios,
546 716 588 752 rne
608 716 668 753 mea
687 700 786 753 damna
805 704 922 754 mouent.

177 784 251 838 Huic
263 799 352 852 ego-
364 784 867 838 uaedemeus-narrabamfluminnm
875 784 1000 839 amores?

214 870 337 923 Iactasse
354 869 464 936 indigne
483 870 592 922 nomina
610 872 687 922 tanta
705 870 798 939 pudet.

177 955 277 1009 Nescio
285 955 577 1023 quemhuncspectans
585 954 757 1007 Aeheloonet
769 954 887 1016 Inachon
894 970 1001 1008 amnem

214 1038 250 1092 Et
267 1038 344 1108 potui
363 1055 468 1103 nomeu,
488 1039 553 1102 Nile,
572 1040 673 1092 referre
691 1039 785 1092 tunm?

129 1136 163 1172 uo
181 1126 217 1177 At
235 1124 283 1177 tibi
303 1124 473 1192 promeritis
493 1129 571 1193 opto,
591 1140 644 1177 non
665 1124 780 1177 candide
798 1129 917 1189 torrens,

215 1207 276 1261 Sint
293 1208 379 1276 rapidi
399 1208 471 1262 soles
490 1208 619 1278 siccaque
638 1225 745 1277 semper
763 1208 879 1277 hiemps.

464 1488 466 1493 .
525 1428 594 1492 Vll.

179 1550 217 1601 At
235 1563 289 1599 non
308 1547 466 1611 formosast,
486 1550 515 1599 at
532 1562 587 1599 non
606 1546 674 1600 tiene
694 1547 767 1600 culta
784 1546 889 1616 puella,

215 1635 262 1696 At,
282 1636 361 1701 puto,
381 1648 434 1686 non
454 1632 526 1685 uotis
545 1648 629 1700 saepe
648 1633 734 1701 petita
752 1632 836 1686 meis?

179 1717 258 1769 Hauc
277 1722 367 1769 tamen
387 1716 412 1768 in
432 1715 521 1769 nullos
539 1716 615 1768 tenui
634 1716 703 1769 mole
722 1716 866 1785 languidus
886 1732 966 1780 usus,

214 1802 269 1856 Sed
288 1802 357 1854 iacui
376 1802 454 1872 pigro
473 1802 574 1854 crimen
593 1817 717 1870 onusque
735 1806 802 1856 toro.

152 1887 234 1941 aNec
252 1887 329 1956 potui
348 1888 461 1956 cupiens
481 1885 583 1954 pariter
603 1885 729 1954 cupiente
747 1885 839 1955 puella

212 1972 335 2040 Inguinis
353 1971 425 2025 alieti
444 1976 521 2040 parte
540 1970 731 2039 iuuante-tini.

175 2057 227 2110 llla
245 2056 355 2126 quidem
373 2060 467 2109 nostro
487 2055 603 2109 subiecit
621 2055 740 2108 eburnea
758 2054 828 2108 collo

211 2141 350 2205 Bracchia,
370 2139 495 2196 Sithonia
513 2139 672 2192 candidiora
690 2139 765 2203 niue,

177 2227 335 2295 Osculaque
353 2225 467 2286 inseruit
486 2224 586 2293 cupide
605 2224 738 2277 luctantia
756 2223 856 2292 linguis

136 2329 161 2365 ro
212 2311 356 2365 Lasciuurn
375 2309 469 2364 femori
488 2308 689 2378 supposuitque
708 2309 795 2362 femur

178 2396 212 2450 Et
230 2395 295 2448 mihi
313 2394 460 2449 blanditias
479 2393 547 2447 dixit
565 2394 759 2462 dominumque
777 2395 890 2459 uocauit

211 2480 247 2533 Et
265 2495 335 2548 quae
353 2483 494 2548 praeterea
512 2478 623 2546 publica
641 2479 724 2533 uerba
741 2479 844 2533 iuuant.

175 2565 263 2619 Tacta
280 2568 372 2617 tamen
390 2563 474 2616 ueluti
493 2562 584 2631 gelida
604 2580 664 2617 mea
682 2564 803 2618 membra
820 2564 913 2618 cicuta

211 2649 313 2718 Segnia
330 2648 501 2718 propositum
519 2647 669 2702 destituere
686 2665 784 2702 meum.

136 2751 159 2787 ru
175 2735 300 2788 Truncus
318 2733 391 2787 iners
410 2733 488 2798 iacui,
508 2733 617 2802 species
635 2737 663 2786 et
681 2733 775 2786 inutile
793 2733 915 2802 pondus,

209 2819 245 2873 Et
262 2835 318 2875 non
336 2821 475 2883 exactum,
495 2833 596 2886 corpus
615 2834 649 2870 en
669 2818 764 2872 umbre
782 2818 876 2872 sorem.

175 2905 252 2972 Quae
269 2903 334 2956 mihi
352 2907 504 2968 uenturast,
523 2902 660 2972 siquidem
679 2906 810 2968 uentura,
830 2907 967 2969 senectus,

805 3006 846 3045 ro·
