2375 3575
468 828 582 887 LlBlllt
612 827 786 887 TERTIVS.

609 991 634 1055 Ι.

235 1109 297 1163 Stat
314 1115 394 1163 uetus
413 1113 441 1163 et
459 1110 558 1163 multos
575 1109 711 1163 incaedua
729 1108 799 1164 silua
816 1125 866 1178 por
884 1126 977 1165 annoS.

268 1193 430 1248 Credibilest
446 1193 485 1247 illi
504 1209 604 1247 numen
621 1194 712 1249 inesse
729 1194 799 1248 loco.

234 1278 308 1333 Fons
326 1295 405 1333 sacer
422 1279 449 1332 in
468 1279 557 1333 medio
575 1278 762 1349 speluncaque
780 1279 888 1349 pumice
906 1280 1026 1350 pendens,

267 1364 303 1418 Et
320 1365 405 1418 latere
424 1380 457 1418 ex
476 1364 549 1417 omni
567 1363 647 1418 dulce
666 1368 815 1434 queruntur
833 1380 910 1419 aues.

208 1449 285 1503 5Hic
303 1465 355 1518 ego
374 1449 438 1503 dum
457 1448 561 1517 spatior
578 1452 669 1502 tectus
688 1448 870 1504 nemoralibus
888 1450 998 1510 umbris,

267 1534 346 1601 Quod
365 1550 425 1588 mea
443 1533 607 1602 quaerebam
627 1549 706 1587 musa
722 1537 846 1587 moueret
864 1550 943 1603 opus.

233 1619 312 1674 Venit
329 1618 459 1673 odoratos
477 1618 589 1687 Elegeia
608 1633 678 1671 nexa
695 1617 820 1687 capillos,

267 1704 312 1769 Et,
331 1708 411 1774 puto,
430 1720 480 1773 pes
498 1703 536 1757 illi
553 1703 659 1773 longior
678 1703 746 1757 alter
765 1707 830 1757 crat

232 1790 329 1844 Forma
347 1790 454 1854 decens,
474 1789 559 1844 uestis
576 1788 744 1853 tenuissima
765 1788 857 1845 uultus
875 1791 998 1854 amantis,

195 1884 217 1922 1⁰
265 1875 301 1929 Et
318 1875 434 1944 pedibus
452 1874 547 1928 uitium
567 1889 652 1928 causa
669 1873 860 1929 decoriaerat.

231 1961 309 2014 Venit
327 1964 355 2014 et
372 1959 475 2027 ingenti
495 1958 615 2012 uiolenta
632 1958 785 2028 Tragoedia
802 1975 896 2027 passu,

263 2046 363 2100 Fronte
382 2060 476 2098 comae
493 2049 580 2098 torua.
599 2043 673 2112 palla
689 2044 796 2098 iacebat
814 2044 897 2098 humi.

229 2131 321 2184 Laeua
339 2146 435 2183 manus
454 2134 593 2197 sceptrum
612 2128 667 2182 late
685 2128 776 2197 regale
795 2130 931 2195 mouebat,

263 2215 365 2285 Lydius
383 2214 439 2268 alta
457 2214 558 2282 pedum
576 2213 666 2267 uincla
684 2214 833 2268 cothurnus
851 2220 917 2269 erat.

191 2307 214 2343 15
228 2299 263 2353 nt
280 2300 354 2369 prior
373 2299 474 2368 ‘ecquis
493 2298 551 2352 erit’
570 2298 639 2352 dixit
658 2299 713 2354 ‘tibi
732 2299 793 2354 finis
811 2300 929 2364 amandi,

262 2385 284 2440 0
304 2384 455 2454 argumenti
474 2383 547 2437 lente
566 2388 649 2452 poeta
666 2384 723 2437 tui?

228 2469 380 2538 Nequitiam
399 2469 497 2524 uinosa
513 2472 589 2522 tuam
608 2469 735 2523 conuiuia
753 2473 875 2532 narrant,

260 2554 376 2608 Narrant
394 2554 420 2606 in
440 2553 539 2607 multas
558 2553 678 2622 compita
696 2559 772 2608 secta
790 2552 857 2608 uias.

226 2639 315 2708 Saepe
333 2638 432 2708 aliquis
451 2638 536 2707 digito
556 2642 647 2692 uatem
666 2638 792 2706 designat
809 2643 917 2693 euntem

187 2727 212 2768 2⁰
260 2725 350 2793 Atque
368 2724 407 2777 ait
425 2723 485 2777 “hic
503 2723 547 2776 hic
565 2727 615 2788 est,
635 2739 716 2792 quem
733 2724 807 2778 ferus
826 2723 878 2777 urit
897 2726 1008 2777 Amor.‘·

227 2807 328 2862 Fabula
348 2840 378 2848 —
398 2825 447 2862 nec
465 2809 550 2862 sentis
569 2840 602 2846 -
620 2812 680 2862 tota
697 2809 807 2862 iactaris
825 2808 853 2862 in
873 2809 950 2863 urbe.

258 2893 327 2947 Dum
347 2897 395 2946 tua
413 2893 560 2961 praeterito
578 2893 653 2946 facta
671 2893 774 2962 pudore
792 2892 884 2948 refers.
