2375 3575
500 395 610 431 AHOBES.

204 522 261 579 Sed
278 522 348 578 male
366 525 482 590 nitebas,
502 529 595 581 aestus
614 525 715 581 amoris
734 531 800 580 erat.

166 609 261 663 Vacca
277 608 368 678 puelia
384 614 468 664 tuest.
486 615 568 679 aptus
587 610 661 665 eolor
678 609 723 665 ille
741 610 856 680 puellae.

204 693 246 748 Tu
264 692 306 747 uir
324 698 351 749 et
368 694 395 748 in
414 711 500 750 uaeoa
517 711 636 765 conpare
653 700 748 750 taurus
767 712 836 750 eras.

167 779 285 833 Pectora
302 779 375 848 quod
393 784 482 835 rostro
500 781 593 835 cornix
611 781 733 836 fodiebat
750 785 839 846 acuto,

129 872 154 915 to
204 864 346 933 Ingenium
364 865 489 919 dominae
507 865 569 920 lena
586 866 714 921 mouebat
731 882 809 920 anus.

169 949 251 1017 Quod
269 954 395 1005 cunctata
413 950 459 1004 diu
476 955 585 1005 taurum
604 968 655 1007 sua
671 966 758 1005 uaeea
775 950 892 1021 reliquit,

205 1034 331 1103 Frigidus
349 1036 376 1089 iu
395 1036 478 1090 uiduo
496 1036 644 1091 destituere
661 1040 730 1091 toro.
830 1028 832 1032 ⁷

171 1119 255 1173 Liuor
272 1124 300 1175 et
317 1120 434 1174 aduerso
457 1121 579 1176 maculae
598 1121 648 1177 sub
667 1109 777 1191 pectore
796 1122 889 1189 nigrae

206 1204 307 1259 Pectus
324 1203 450 1259 adulterii
467 1204 528 1261 labe
546 1222 639 1261 carere
657 1206 777 1275 negant)

130 1302 157 1338 45
171 1288 286 1344 Dixerat
302 1289 444 1359 interpres.
463 1291 552 1359 gelido
571 1291 637 1345 mihi
655 1291 768 1359 sanguis
786 1290 821 1345 ab
839 1306 886 1345 ore

206 1373 296 1443 Fugit,
316 1380 344 1429 et
361 1381 425 1430 ante
443 1376 537 1431 oeulos
555 1392 609 1430 nox
628 1376 705 1431 stetit
722 1376 778 1430 alta
796 1391 880 1430 meos.

454 1511 658 1520 —-

532 1585 592 1662 VI.v

174 1714 269 1769 Amnis
287 1716 465 1771 arundinibus
482 1716 594 1771 limosas
612 1716 700 1771 obsite
719 1716 805 1785 ripae,

208 1801 251 1856 Ad
270 1801 405 1857 dominam
423 1818 548 1872 propero.
567 1803 634 1858 siste
651 1818 798 1871 parumper
815 1802 916 1871 aquas!

173 1886 229 1941 Nee
246 1886 294 1941 tibi
313 1893 378 1941 suut
395 1893 493 1957 pontes
512 1904 562 1942 nee
580 1904 652 1958 quae
670 1887 729 1941 sine
747 1887 858 1956 remigis
875 1887 930 1956 iotu

209 1973 339 2027 Goneaua
356 1973 470 2028 traiecto
488 1973 586 2028 cumba
605 1973 720 2026 rudente
738 1971 829 2026 uehat.

150 2058 280 2113 sParuus
298 2073 367 2124 eras,
386 2058 506 2122 memini,
527 2073 578 2112 uee
595 2061 623 2112 te
640 2056 757 2111 transire
774 2056 874 2125 refugi,

209 2144 375 2213 Summaque
392 2143 438 2197 uix
456 2143 526 2196 talos
545 2142 660 2220 contigit
677 2141 751 2196 unda
769 2157 853 2195 meos.

174 2227 251 2282 Nune
269 2227 325 2282 ruis
344 2228 470 2297 adposito
489 2226 597 2283 niuibus
615 2227 650 2281 de
668 2231 761 2281 monte
779 2224 877 2281 solutis

209 2313 245 2367 Et
262 2313 335 2382 turpi
353 2328 461 2367 crassas
479 2312 586 2381 gurgite
605 2311 694 2366 uoluis
712 2327 807 2381 aquas.

175 2397 247 2466 Quid
265 2413 426 2469 properasse
443 2397 527 2462 iuuat
546 2397 613 2466 quid
630 2412 716 2466 parea
733 2396 842 2450 dedisse
860 2395 944 2464 quieti

142 2495 163 2535 ro
210 2482 358 2552 Tempora,
377 2482 443 2552 quid
461 2482 534 2536 noeti
551 2481 723 2536 conseruisse
742 2480 825 2546 diem,

176 2569 205 2625 Si
222 2574 316 2623 tamen
333 2568 378 2622 hio
396 2567 563 2631 standumst,
582 2566 606 2620 si
625 2582 679 2620 nou
697 2567 777 2620 datur
795 2564 899 2619 artibus
917 2563 979 2618 ullis

210 2653 327 2708 Vlterior
344 2656 439 2707 nostro
455 2652 517 2722 ripa
533 2650 684 2720 premenda
703 2650 781 2720 pedi?

176 2739 253 2794 Nune
270 2754 323 2808 ego
341 2754 410 2809 quas
427 2737 523 2792 habuit
540 2735 638 2806 pinnas
657 2736 795 2790 Danaeius
813 2735 906 2799 beros,

210 2824 334 2880 Terribili
352 2824 466 2878 densum
485 2837 546 2875 eum
564 2820 627 2875 tulit
645 2836 734 2890 angue
751 2823 848 2890 eaput,
