2375 3575
444 488 560 522 annnam
575 488 677 522 anonrs.
910 468 944 520 95

176 606 330 688 Quaeritis,
350 617 498 687 Aegisthus
517 633 602 688 qnare
619 617 656 672 sit
673 617 762 673 lactus
780 619 902 674 adulter?

213 705 244 759 In
263 707 391 774 promptu
410 708 528 758 causast.
547 703 701 758 desidiosus
719 707 785 757 erat.

175 789 341 860 Pugnabant
358 789 403 843 alii
420 788 506 843 tardis
524 788 598 859 apud
615 788 683 842 Ilion
702 789 791 844 armis.

212 875 400 930 Transtulerat
417 874 489 928 uires
508 873 623 929 Graecia
640 877 699 928 tota
717 890 790 929 suas.

130 975 162 1014 ,ss
175 960 371 1030 Siue‘operam
388 959 465 1015 bellis
483 958 566 1014 uellet
583 958 660 1023 dare,
679 959 754 1013 nulla
769 960 892 1030 gerebat,

212 1047 276 1101 Siue
294 1044 366 1110 foro,
385 1060 500 1098 uacuum
517 1043 611 1099 litibus
629 1046 716 1113 Argos
735 1048 800 1100 erat.

176 1132 257 1201 Quod
275 1129 375 1202 potuit,
394 1146 429 1184 ne
446 1129 484 1183 nil
501 1128 555 1183 illic
573 1133 710 1198 ageretur,
730 1131 839 1185 amauit.

211 1217 257 1271 Sic
275 1215 351 1270 uenit
366 1215 411 1270 ille
428 1231 508 1284 puer,
527 1214 567 1269 sic
584 1231 652 1284 puer
668 1214 714 1269 ille
731 1219 830 1270 manet.

175 1303 252 1358 Rura
271 1317 379 1372 quoque
397 1300 535 1355 oblectant
552 1300 658 1354 animos
676 1300 850 1372 studiumque
868 1303 982 1358 colendi.

130 1397 164 1440 iro
213 1386 356 1456 Quaelibet
373 1386 436 1441 huic
453 1401 534 1440 ourae
552 1385 649 1439 cedere
667 1401 732 1440 cura
748 1390 848 1457 potest.

176 1473 255 1529 (lolla
271 1472 333 1526 iube
352 1471 469 1526 domitos
487 1471 562 1525 oneri
581 1487 734 1541 supponere
751 1475 857 1540 tauros,

211 1557 323 1612 Sauciet
340 1560 370 1610 ut
389 1557 482 1612 duram
500 1572 594 1610 nomer
612 1556 734 1612 aduncus
752 1557 874 1624 humum,

176 1643 268 1699 Obrue
286 1654 396 1697 uersata
413 1640 530 1696 Cerialia
547 1642 652 1696 semina
668 1643 754 1708 terra,
849 1699 853 1706 ,

211 1729 287 1797 Quae
305 1728 354 1783 tibi
371 1744 433 1782 cum
450 1726 535 1781 multo
553 1726 663 1782 faenore
681 1727 777 1782 reddat
795 1745 867 1799 ager.

130 1825 161 1863 us
174 1814 278 1884 Aspice
296 1819 422 1869 curuatos
440 1829 581 1883 pomorum
599 1813 719 1884 pondere
737 1830 839 1880 ramos,

210 1899 246 1954 Vt
263 1916 325 1965 sua,
345 1899 419 1969 quod
435 1899 553 1969 peperit,
571 1898 618 1952 nix
635 1899 704 1953 ferat
721 1898 800 1953 arbor
817 1916 894 1954 onus.

175 1985 278 2055 Aspice
294 1984 417 2039 labentes
435 1984 552 2038 iucundo
570 1999 707 2038 murmure
724 1984 809 2049 riuos,

209 2073 310 2140 Aspice
328 2069 473 2124 tondentes
491 2068 579 2123 fertile
597 2085 709 2139 gramen
727 2085 801 2123 oues.

175 2155 259 2221 Ecce,
278 2159 374 2225 petunt
392 2170 474 2225 rupes
492 2161 694 2225 praeruptaque
712 2170 779 2209 sara
796 2155 923 2226 capellae.

130 2250 161 2289 ‘1⁸⁰
210 2241 266 2296 lam
283 2240 402 2296 referent
418 2240 514 2294 haedis
532 2239 616 2294 ubera
632 2238 714 2309 plena
731 2240 796 2295 suis.

172 2326 271 2381 Pastor
288 2325 424 2396 inaequali
443 2325 597 2381 modulatur
614 2324 746 2379 arundine
764 2341 883 2392 carmen,

207 2410 264 2466 Nec
281 2411 380 2466 desunt
398 2411 522 2477 comites,
541 2409 637 2465 sedula
654 2411 745 2478 turba,
764 2426 853 2467 canes.

172 2494 254 2551 P'arte
272 2500 371 2552 sonant
388 2496 443 2551 alia
460 2495 545 2551 siluae
564 2495 710 2564 mugitibus
728 2496 811 2562 altae,

208 2580 245 2636 nt
260 2581 381 2652 queritur
398 2580 514 2635 uitulum
530 2584 618 2636 mater
635 2580 732 2636 abesse
750 2598 837 2637 suum.

130 2676 160 2714 *8⁵
175 2666 259 2734 Quid,
278 2682 339 2721 curn
358 2666 524 2737 compositos
542 2665 650 2735 fugiunt
667 2667 791 2721 examina
807 2667 909 2734 fumos,

207 2751 245 2806 Vt
260 2751 382 2806 relenent
399 2752 502 2822 dempti
519 2751 622 2806 nimina
639 2767 724 2805 curua
739 2751 814 2806 faui?

173 2838 259 2893 Poma
276 2836 324 2892 dat
341 2840 494 2891 autumnus.
514 2836 661 2893 formosast
678 2838 811 2893 messibus
830 2843 929 2894 aestas.

211 2922 262 2977 Ver
279 2922 392 2992 praebet
407 2921 502 2978 tiores·
513 2921 577 2993 igne
592 2921 700 2977 leuatur
716 2922 830 2993 hiemps.
