2375 3575
549 496 658 529 AMORES.

175 646 202 684 35
219 626 322 689 odero,
343 624 366 678 si
384 629 487 693 potero.
506 624 529 677 si
549 641 615 688 uon,
635 625 737 678 inuitus
756 625 861 678 amabo.

254 709 310 762 Neu
327 710 391 777 iuga
408 714 503 763 taurus
522 714 604 763 amat.
624 726 694 779 quun
712 715 802 764 tamen
821 709 891 773 odit,
912 709 1001 762 habet.

219 795 373 863 Nequitiam
392 794 476 861 fugio.
493 794 642 862 fugientem
663 795 749 848 forma
767 794 879 850 reducit.

254 882 374 933 Auersor
395 896 496 932 murum
517 880 638 933 erimina.
657 896 755 948 eorpus
774 896 843 932 amu.

221 966 267 1019 Sic
285 980 336 1031 ego
355 980 404 1017 nee
423 965 481 1018 sine
500 968 526 1017 te
545 981 595 1018 nee
613 971 702 1018 tecum
721 964 813 1017 uiuere
832 979 955 1032 possum,

177 1070 206 1108 40
255 1049 291 1102 Et
310 1050 403 1102 uideor
422 1050 478 1102 uoti
497 1050 605 1103 nescius
624 1065 685 1103 esse
704 1050 763 1102 mei.

138 1139 143 1146 “
223 1138 278 1188 dut
296 1134 416 1187 formosa
433 1134 506 1187 fures
526 1134 614 1188 minus
633 1138 681 1186 aut
699 1136 786 1187 miuus
804 1133 919 1202 inproba
937 1133 1042 1187 uellem.

256 1219 314 1272 Nun
332 1218 399 1271 facit
417 1220 452 1272 ad
470 1235 558 1272 mores
576 1224 631 1271 tam
652 1219 723 1273 bona
741 1206 827 1272 forma
845 1218 939 1272 malos.

220 1305 308 1358 Facta
324 1309 428 1357 merent
446 1305 549 1367 odium,
570 1304 653 1357 facies
671 1308 766 1357 exurat
784 1319 910 1356 amorem.

130 1449 133 1458 ,
255 1389 297 1441 Me
316 1389 455 1453 miserum,
475 1389 548 1442 uitiis
567 1390 630 1458 pius
650 1388 723 1441 ualet
741 1388 787 1441 iila
805 1389 870 1441 suis.

130 1473 131 1478 ’
179 1464 205 1532 45
220 1474 313 1538 Parce,
336 1490 383 1543 per
402 1490 417 1527 0
436 1474 498 1527 lenti
516 1473 629 1527 socialia
647 1475 717 1536 iura,
737 1490 784 1542 per
803 1473 903 1538 omnis,

161 1568 163 1571 '
254 1559 305 1625 Qui
325 1559 391 1613 dunt
408 1559 543 1612 fallendus
562 1575 592 1612 se
610 1558 659 1613 tibi
678 1575 774 1627 saepe,
793 1558 875 1623 dene,

135 1639 138 1652 '
219 1644 324 1712 Perque
341 1650 415 1697 tuam
434 1644 543 1710 faeiem,
561 1644 653 1711 magni
671 1644 735 1696 mihi
754 1643 871 1697 numinis
889 1642 987 1707 instar,

253 1728 357 1798 Perque
376 1734 439 1783 tuos
457 1728 566 1795 oeulos,
586 1730 632 1799 qui
652 1745 766 1798 rapuere
785 1745 868 1783 meos.

130 1870 137 1881 ‚
218 1814 356 1882 Quidquid
375 1815 438 1880 eris,
458 1831 519 1867 mea
537 1831 644 1884 semper
663 1815 724 1868 eris.
742 1819 773 1867 tu
791 1814 875 1883 selige
893 1819 1010 1878 tantum,

155 1932 157 1937 ·
182 1919 204 1956 au
253 1898 295 1951 Me
313 1914 423 1968 quoque
441 1899 509 1952 uelle
528 1899 610 1964 uelis,
629 1915 699 1952 anne
718 1906 829 1954 coaetus
848 1915 945 1953 amem.

158 2000 164 2081 q
216 1984 314 2037 Lintea
333 1984 392 2036 dem
412 1985 504 2053 potius
523 1985 667 2054 uentisque
685 1983 835 2039 serentibus
855 1989 927 2049 utar,

161 2088 165 2187 ι
251 2068 296 2133 Vt,
317 2070 442 2137 quamuis
461 2069 554 2134 nolim,
575 2085 670 2137 cogar,
691 2085 782 2122 amare
800 2069 889 2122 uelim.

567 2373 641 2438 XII.

214 2494 282 2561 Quis
300 2493 352 2546 fuit
370 2492 414 2546 ille
432 2492 498 2558 dies,
519 2509 572 2562 quo
591 2492 681 2546 tristia
699 2508 806 2561 semper
824 2492 932 2548 amanti

250 2579 347 2633 Omina
365 2594 419 2631 non
439 2577 517 2631 albae
535 2577 712 2631 concinuistis
731 2577 815 2630 aues?

214 2663 331 2730 Quodne
350 2667 443 2732 putem
461 2662 538 2716 sidus
558 2662 657 2716 nostris
676 2661 911 2728 occurreremus,

249 2748 360 2815 Quosne
379 2748 445 2802 deos
464 2747 491 2801 in
509 2764 552 2800 me
570 2747 641 2801 belia
658 2763 768 2800 mouere
786 2747 901 2816 querar?

144 2848 149 2921 1Ι
189 2833 292 2900 uQuae
309 2833 391 2887 modo
409 2833 481 2887 dieta
500 2837 598 2897 meast,
618 2848 699 2902 quam
718 2832 796 2901 coepi
814 2831 889 2886 sulus
907 2848 1012 2898 amare,

248 2917 316 2972 Cum
335 2917 426 2972 multis
445 2930 540 2971 uereor
558 2933 591 2971 ue
610 2919 646 2973 sit
664 2917 790 2973 habenda
808 2917 881 2970 mihi.
