2375 3575
457 391 504 424 ABE
517 390 657 425 ΛΙΔΤΟΒΙΔ.

129 533 155 575 ss
169 523 232 589 Hoo
250 524 300 586 est,
319 536 418 575 uxores
436 519 510 590 quod
528 535 581 574 non
596 518 720 590 patiatur
737 519 830 573 amari.

207 605 383 661 Conueninut
399 604 468 669 illas,
487 620 549 659 euru
568 604 685 669 uoluere,
705 604 763 658 uiri.

171 692 254 747 Adde
271 691 365 756 iorem,
384 695 413 746 et
429 691 497 745 duro
514 689 589 744 dieat
606 690 655 761 tibi
673 690 772 744 ianitor
789 705 836 744 ore

211 776 279 830 ‘Non
296 778 392 845 potes’‚
411 774 549 830 exclusum
566 781 594 829 te
612 791 720 846 quoque
737 778 833 843 tanget
850 790 932 828 amor.

173 862 273 917 Ponite
290 861 344 915 iam
361 862 468 930 gladios
485 861 606 916 hebetes.
624 864 760 931 pugnetur
778 859 874 914 acutis.

129 964 160 1001 oo
211 946 267 1000 Neo
285 946 385 1011 dubito,
404 947 466 1001 telis
484 946 549 1017 quin
567 950 645 1015 petar
662 947 721 1016 ipse
740 945 815 1000 meis.

173 1034 249 1087 Dum
267 1031 340 1085 cadit
361 1032 389 1085 in
406 1031 519 1102 laqueos
533 1035 634 1101 eaptus
653 1046 761 1101 quoque
779 1046 865 1099 nuper
883 1034 995 1095 amator,

212 1116 306 1171 Solum
324 1133 354 1172 se
370 1116 505 1178 thalamos
523 1121 616 1187 speret
632 1117 733 1171 habere
749 1120 820 1170 tuos.

175 1203 326 1257 Postmodo
344 1202 456 1257 riualem
474 1202 629 1272 partitaque
647 1201 759 1255 foedera
775 1200 839 1255 lecti

213 1288 327 1341 Sentiat.
346 1288 396 1342 bas
414 1292 486 1342 artes
504 1287 576 1353 tolle,
597 1287 717 1341 senescit
734 1303 817 1340 amor.

129 1386 163 1423 111
177 1373 247 1427 Tum
265 1372 333 1427 bene
351 1372 429 1427 fortis
448 1388 534 1443 equus
552 1376 672 1427 reserato
691 1387 799 1425 carcere
817 1372 911 1436 currit,

214 1459 282 1512 Cum
301 1474 370 1529 quos
388 1461 542 1528 praetereat
559 1473 684 1528 quosque
702 1461 832 1528 sequatur
849 1456 939 1511 habet.

178 1543 334 1611 Quamlibet
351 1544 485 1598 extinctos
503 1543 601 1597 iniuria
619 1543 734 1597 suscitat
750 1542 836 1610 ignes.

213 1629 333 1697 En„ego
352 1659 381 1667 —
403 1629 583 1683 111111111-
601 1645 655 1683 non
673 1627 724 1682 nisi
743 1627 834 1682 laesus
852 1643 921 1703 amo.

180 1716 273 1771 Causa
289 1719 380 1769 tamen
397 1714 508 1768 nimium
525 1730 580 1768 non
598 1714 635 1768 sit
651 1714 796 1768 manifesta
814 1712 922 1778 doloris,

129 1813 166 1850 mo
214 1800 349 1871 Pluraque
367 1800 505 1866 sollicitus,
524 1815 606 1870 quam
624 1800 698 1864 soiet,
718 1815 779 1854 esso
796 1802 880 1869 putet.

181 1887 282 1941 Incitat
301 1889 328 1940 ot
344 1886 400 1941 fieti
417 1886 502 1940 tristis
521 1885 648 1940 custodia
665 1885 737 1939 serui

216 1973 253 2026 Et
270 1972 381 2026 nimium
398 1972 458 2025 duri
476 1987 542 2025 eura
559 1971 674 2025 molesta
691 1970 751 2024 uiri.

182 2058 260 2126 Quae
278 2057 353 2111 uenit
370 2074 403 2111 ex
420 2062 488 2122 tuto,
507 2056 596 2110 miuus
615 2059 657 2111 est
675 2057 789 2124 accepta
805 2053 942 2123 uoluptas.

217 2143 253 2196 Vt
271 2143 310 2197 sis
327 2141 434 2198 liberior
452 2141 563 2206 Thaide,
582 2141 655 2209 finge
673 2143 770 2194 metus.

131 2239 170 2277 ⁶0⁵
183 2231 251 2284 Cum
269 2227 366 2282 melius
383 2228 486 2282 foribus
503 2226 602 2297 possis,
622 2225 733 2280 admitte
751 2225 882 2289 fenestra,

217 2314 304 2383 Inque
321 2317 368 2367 tuo
386 2312 464 2367 uultu
481 2313 561 2380 signa
577 2310 697 2365 timentis
715 2310 793 2365 habe.

183 2399 290 2456 callida
306 2397 430 2469 prosiliat
446 2398 573 2468 dicatque
591 2395 689 2451 aneilla
707 2395 856 2465 ‘perimust’

219 2485 260 2539 Tu
278 2484 403 2538 iuuenem
421 2483 555 2553 trepidum
573 2480 695 2552 quolibet
712 2480 782 2535 abde
799 2480 867 2535 looo.

184 2569 369 2626 Admiscenda
385 2572 477 2622 tamen
495 2582 582 2621 uenus
601 2569 644 2621 est
661 2580 759 2620 secura
775 2564 873 2632 timori,

134 2662 171 2701 ⁶¹⁰
219 2655 259 2710 Ne
276 2653 346 2708 tanti
364 2658 459 2708 noctes
477 2669 531 2707 non
548 2654 627 2722 putet
645 2666 706 2706 esse
723 2655 796 2706 tuas.

185 2742 248 2810 Qua
265 2740 343 2794 uaier
360 2739 431 2794 eludi
449 2738 537 2808 possit
555 2736 662 2791 ratione
679 2735 800 2801 maritus,
871 2765 873 2769 ·

221 2827 336 2896 Quaque
353 2824 419 2894 uigil
435 2827 537 2890 custos,
554 2821 750 2892 praeteriturus
768 2836 850 2875 eram.

843 2924 859 2965 u
