2375 3575
539 480 648 516 AMORRS.

570 661 627 725 Xl.

208 781 345 848 Colligere
361 780 481 833 incertos
500 779 571 833 etin
590 780 687 834 ordine
704 797 804 849 ponere
824 781 911 835 crines

244 866 335 920 Docta
353 881 440 935 neque
458 864 572 919 ancillas
589 865 659 918 inter·
678 866 802 920 habenda
819 865 894 935 Nape

185 995 190 1005 .
210 952 297 1021 lnque
316 950 471 1005 ministeriis
488 950 606 1004 furtiuae
625 950 732 1017 cognita
752 950 839 1004 noctis

246 1036 323 1090 Vtilis
342 1040 370 1090 et
387 1035 486 1090 dandis
503 1035 646 1103 ingeniosa
663 1035 746 1099 uotis,

183 1141 196 1177 5
212 1123 301 1191 Saepe
320 1121 411 1174 uenire
429 1120 525 1174 adme
543 1120 712 1174 dubitantem
731 1120 839 1174 hortata
857 1111 1007 1186 Corinnam,

246 1206 336 1275 Saepe
353 1205 487 1259 laboranti
506 1205 561 1259 fida
577 1210 687 1274 reperta
704 1205 775 1259 mibi.

212 1292 314 1360 Accipe
333 1291 414 1344 etad
433 1290 568 1345 dominam
587 1296 729 1359 peraratas
747 1306 826 1344 mane
844 1291 958 1346 tabellas

246 1376 339 1430 Perfer
356 1378 384 1429 et
403 1376 549 1430 obstantes
568 1375 664 1429 sedula
681 1374 750 1445 pelle
768 1392 866 1429 moras

212 1462 268 1514 Nec
286 1460 392 1515 silicum
411 1476 497 1515 uenae
517 1477 565 1514 nee
583 1460 680 1514 durum
698 1462 724 1514 in
742 1466 854 1531 pectore
872 1461 971 1515 ferrum

173 1565 198 1600 re
248 1545 304 1599 Nee
321 1546 368 1599 tibi
388 1545 549 1615 simplicitas
567 1546 662 1599 ordine
681 1546 766 1599 maior
784 1545 869 1599 adest,

213 1631 377 1685 Credibilest
395 1634 422 1685 et
439 1635 467 1685 te
485 1631 605 1685 sensisse
624 1630 765 1699 Cupidinis
783 1646 870 1684 arcus.

249 1716 279 1769 ln
297 1732 340 1770 me
357 1716 469 1770 militiae
487 1717 566 1784 signa
583 1721 659 1770 tuere
676 1721 747 1769 tuae.

214 1803 243 1858 Si
262 1806 382 1871 quaeret,
402 1802 467 1872 quid
486 1817 574 1870 agam,
592 1818 642 1870 spe
661 1792 749 1855 nolitis
768 1802 860 1855 uiuere
879 1801 959 1856 dices.

249 1887 347 1941 Cetera
363 1887 417 1942 fert
433 1886 534 1941 blanda
552 1902 615 1940 cera
633 1891 727 1940 notata
745 1902 834 1940 manu.

176 1991 198 2023 rt.
214 1973 286 2026 Dum
306 1973 410 2042 loquor,
427 1972 495 2026 hora
512 1972 590 2040 fugit.
610 1988 714 2025 uacuae
732 1971 800 2025 bene
818 1972 901 2025 redde
918 1970 1032 2026 tabellas

250 2057 346 2110 Verum
365 2058 494 2111 continuo
512 2058 665 2111 laetamen
684 2057 731 2110 illa
748 2057 828 2125 legat.

213 2142 341 2211 Aspicies
359 2143 452 2197 oculos
472 2142 570 2196 mando
588 2141 760 2211 frontemque
778 2141 901 2210 legentis.

249 2227 373 2281 Etacito
391 2227 467 2282 uultu
487 2227 554 2281 scire
572 2228 664 2281 futura
682 2227 752 2280 licet.

214 2312 268 2365 Nec
288 2328 370 2375 mora,
389 2312 516 2381 perlectis
534 2313 665 2367 rescribat
683 2311 774 2376 multu,
795 2312 893 2366 iubeto.

173 2416 198 2449 a.»
249 2397 309 2460 Odi,
329 2412 389 2450 eum
409 2398 462 2452 late
480 2397 624 2467 splendida
642 2412 701 2451 cera
722 2403 809 2451 uacat.

213 2482 382 2552 Conprimat
399 2483 538 2537 ordinibus
558 2498 661 2546 uersus
681 2482 828 2552 oculosque
846 2487 966 2536 moretur

247 2567 370 2637 Margine
388 2567 414 2620 in
433 2572 553 2621 extremo
572 2567 661 2621 littera
678 2584 742 2621 rasa
759 2583 842 2620 meos.

214 2652 287 2720 Quid
306 2651 406 2721 digitos
425 2668 496 2721 opus
515 2657 557 2706 est
575 2652 691 2722 graphio
710 2652 812 2706 lassare
830 2651 965 2705 tenendo?

248 2737 309 2791 Hoc
327 2736 427 2791 babeat
444 2737 575 2806 scripturn
593 2741 655 2790 tota
671 2736 772 2792 tabella
790 2736 881 2790 ‘uenil'

174 2839 199 2874 at·
214 2824 272 2877 Non
292 2837 344 2892 ego
362 2821 489 2876 uictrices
507 2821 584 2875 lauro
603 2821 727 2876 redimire
745 2821 860 2875 tabellas

249 2907 304 2961 Nee
321 2905 433 2962 Veneris
452 2907 539 2961 media
559 2922 662 2976 ponere
679 2907 705 2960 in
725 2907 793 2960 aede
811 2922 907 2960 morer.
