2375 3575
259 459 292 511 9ss
522 480 641 514 nnuums
654 479 756 514 nuours.

259 610 437 680 Temporibus
455 610 535 664 certis
553 613 686 663 maturam
705 610 822 665 rusticus
841 627 925 666 uuam

209 713 245 751 reo
293 696 404 763 seligit,
423 699 451 749 et
468 696 542 750 nudo
560 695 611 750 sub
630 696 700 765 pede
718 699 809 751 musta
825 695 924 752 fluunt

259 781 437 851 Temporibus
455 781 536 835 certis
555 780 680 835 desectas
698 780 792 849 alliget
808 780 924 848 herbas,
1024 794 1030 801 “

293 867 328 921 Et
344 871 452 921 tonsam
470 882 531 920 raro
549 865 657 936 pectine
676 866 759 920 uerrit
776 866 898 921 humum.

259 954 322 1022 lpse
339 957 419 1022 potes
436 951 520 1019 riguis
537 950 660 1026 plantem
678 952 814 1020 deponere
831 952 860 1006 in
877 951 976 1018 hortis,

293 1039 356 1107 Ipse
374 1040 452 1106 potes
470 1036 544 1091 riuos
563 1036 662 1090 ducere
680 1036 748 1091 lenis
767 1052 863 1106 aquae

210 1139 246 1175 res
259 1122 368 1176 Venerit
383 1122 486 1185 insitio,
505 1121 551 1175 fac
567 1138 673 1175 ramum
689 1138 781 1176 ramus
799 1123 928 1192 adoptet,

294 1207 407 1276 Stetque
417 1207 575 1276 peregrinis
592 1206 672 1262 arbor
690 1211 786 1276 operta
803 1209 898 1263 comis.

260 1294 326 1348 Cum
345 1293 428 1346 semel
445 1291 515 1346 haec
532 1291 652 1346 animum
670 1293 760 1362 coepit
777 1293 896 1349 mulcere
915 1294 1047 1366 uoluptas.

294 1377 432 1432 Debilibus
450 1377 541 1446 pinnis
559 1377 656 1437 inritus
676 1377 731 1431 exit
749 1379 841 1432 Amor.

259 1464 307 1517 Vel
325 1470 354 1517 tu
374 1462 491 1518 uenandi
510 1462 630 1516 studium
648 1463 713 1517 cole.
733 1479 816 1534 saepe
834 1466 951 1521 recessit

209 1561 246 1600 eoo
294 1549 419 1618 Turpiter
437 1565 454 1602 e
470 1547 573 1602 Phoebi
591 1548 665 1602 uictu
683 1566 775 1603 sorore
795 1549 893 1605 Venus.

259 1636 335 1689 Nunc
352 1634 470 1704 leporem
489 1648 604 1701 pronum
623 1634 713 1689 catulo
731 1638 836 1689 sectere
854 1636 960 1705 sagaci,

293 1720 369 1774 Nunc
387 1724 435 1773 tua
452 1718 588 1775 frondosis
606 1720 676 1774 retia
692 1720 773 1774 tende
790 1720 874 1790 iugis,

260 1809 315 1861 Aut
331 1805 448 1876 pauidos
465 1810 535 1860 terre
553 1806 630 1860 uaria
647 1805 789 1861 formidine
808 1822 917 1872 ceruos,

293 1894 349 1946 Aut
367 1890 448 1945 cadat
464 1890 581 1945 aduersa
600 1892 713 1962 cuspide
730 1891 821 1946 fossus
840 1907 915 1962 uper.

210 1987 247 2026 205
260 1978 344 2031 Nocte
362 1976 506 2045 fatigatum
526 1991 652 2039 somnus
671 1992 725 2030 non
744 1993 808 2030 eura
824 1976 935 2046 puellae

295 2061 402 2132 Excipit
420 2068 447 2115 et
464 2061 559 2130 pingui
578 2060 698 2115 membra
716 2063 807 2131 quiete
824 2062 908 2116 leuat.

260 2147 359 2203 Lenius
378 2149 420 2201 est
438 2145 569 2212 studium,
589 2146 708 2201 studium
727 2152 829 2212 temen,
850 2147 916 2203 alite
934 2154 1016 2219 cepto

295 2235 349 2286 Aut
365 2231 420 2285 lino
439 2235 486 2285 aut
504 2231 615 2287 calamis
633 2233 755 2301 praemia
771 2249 859 2303 parua
876 2236 968 2304 sequi,

261 2317 319 2382 Vel,
339 2334 409 2387 quae
426 2316 509 2388 piscis
527 2318 598 2371 eder
615 2317 697 2371 auido
714 2317 784 2371 mele
803 2317 917 2373 deuoret
934 2336 994 2385 ore,

210 2412 248 2452 210
295 2403 401 2457 Abdere
419 2402 553 2473 supremis
572 2419 636 2457 aera
653 2418 768 2457 recurue
786 2403 862 2459 cibis.

261 2490 316 2542 Aut
333 2488 375 2543 bis
393 2491 441 2541 aut
457 2487 529 2553 aliis,
548 2487 635 2542 donec
653 2488 770 2542 dediscis
788 2505 890 2555 amere,

295 2573 357 2642 Ipse
375 2573 424 2628 tibi
441 2572 533 2627 furtim
551 2573 727 2644 decipiendus
745 2574 806 2628 eris

262 2658 302 2711 Tu
320 2662 433 2724 tentum,
453 2657 578 2729 quamuis
597 2659 679 2714 firmis
697 2659 847 2728 retinebere
865 2659 976 2728 uinclis,

295 2743 308 2796 I
326 2744 420 2812 procul
438 2747 466 2797 et
482 2742 580 2811 longas
599 2760 710 2814 carpere
728 2760 811 2814 perge
830 2744 898 2800 uias.

212 2836 250 2876 215
263 2827 353 2883 Flebis
371 2834 399 2883 et
416 2833 540 2883 occurret
557 2828 683 2885 desertus
700 2846 799 2885 nomen
817 2830 933 2898 emices,

297 2912 386 2968 Stabit
404 2914 476 2968 etin
494 2913 584 2968 media
601 2931 651 2984 pes
668 2915 718 2970 tibi
736 2931 819 2985 saepe
836 2916 891 2971 uie
