2375 3575
540 490 649 525 antonne.
930 466 974 517 171

208 620 309 675 Vestra
326 619 392 689 quid
410 619 527 674 effoditis
545 619 675 675 subiectis
695 619 801 674 uiscera
818 617 892 682 telis,

243 704 281 759 llt
299 705 418 760 nondum
436 706 508 760 uatis
526 705 585 759 dira
604 720 709 759 uenena
727 703 815 758 datis?

207 789 342 846 Colchida
358 807 511 861 respersam
528 806 674 861 puerorum
691 788 823 859 sanguine
841 788 954 859 culpant

168 883 196 928 ³o
246 878 325 945 Aque
342 892 393 931 sua
411 892 520 931 caesum
538 883 624 930 matre
643 879 791 945 queruntur
807 874 877 945 ltyn.

209 961 332 1031 Vtraque
349 978 434 1017 saeua
451 978 559 1031 parens.
577 961 627 1017 sed
644 960 768 1015 tristibus
787 964 902 1029 utraque
922 959 1012 1014 causis

246 1046 355 1102 Iactura
371 1047 439 1102 socii
456 1047 597 1117 sanguinis
615 1046 673 1101 ulta
691 1046 786 1100 uirum.

209 1133 307 1197 Dicite
327 1132 388 1202 quis
406 1132 515 1197 Tereus,
535 1132 598 1203 quis
615 1149 666 1187 uos
683 1130 776 1185 inritet
792 1130 856 1185 Iaso

245 1217 342 1287 Figere
359 1218 476 1273 sollicita
493 1234 608 1287 corpora
627 1222 722 1272 uestra
739 1216 837 1271 manu?

169 1312 195 1353 ss
208 1303 271 1358 Hoc
290 1318 377 1373 neque
398 1303 427 1358 in
442 1303 578 1358 Armeniis
596 1303 681 1371 tigres
698 1301 787 1357 fecere
804 1302 927 1367 latebris,

245 1388 363 1443 Perdere
380 1405 431 1444 nec
448 1389 520 1444 letus
539 1405 608 1444 ausa
626 1388 722 1442 leaena
740 1402 814 1442 suos.

211 1478 248 1529 nt
266 1480 376 1529 tenerae
394 1474 498 1530 iaciunt
515 1474 565 1530 sed
583 1490 637 1529 non
655 1474 766 1543 impune
783 1471 898 1542 puellae.

246 1560 343 1629 Saepe,
362 1575 428 1614 suos
446 1566 538 1615 uteros
556 1576 627 1630 quae
645 1563 732 1624 necat,
750 1559 812 1628 ipsu
829 1558 907 1627 perit.

211 1645 276 1715 lpsa
294 1645 365 1715 perit
381 1645 520 1715 ferturque
537 1660 604 1713 rogo
622 1644 743 1700 resoluta
761 1642 881 1713 capillos,

168 1740 196 1779 40
245 1730 282 1785 Et
299 1730 417 1785 clamant
435 1729 555 1797 ‘morito’,
574 1730 621 1802 qui
639 1729 719 1784 modo
737 1744 852 1800 cumque
871 1727 972 1782 uident

211 1817 270 1872 Ista
287 1817 336 1872 sed
354 1817 490 1872 aetherias
507 1823 658 1872 uanescant
675 1817 747 1871 dicta
765 1832 813 1885 per
832 1831 926 1879 curas,

245 1902 282 1957 Et
299 1903 359 1957 sint
371 1903 506 1958 ominibus
523 1903 646 1973 pondera
664 1901 737 1956 nulla
755 1901 830 1956 meis.

210 1989 246 2045 Di
265 1988 371 2054 faciles,
390 2005 523 2058 peccasse
541 1988 626 2043 semel
643 1986 783 2042 concedite
801 1990 872 2050 tuto,

246 2074 282 2129 Et
299 2105 332 2114 -
350 2074 416 2129 satis
435 2077 478 2129 est
497 2105 528 2112 —
546 2089 664 2143 poenam
681 2070 762 2141 culpa
779 2070 900 2126 secunda
916 2069 995 2124 ferat

556 2297 628 2362 XV.

211 2415 301 2471 Anule
318 2415 453 2470 formosae
472 2416 585 2484 digitum
606 2415 727 2469 uincture
745 2414 859 2485 puellae,

247 2502 278 2556 ln
297 2516 351 2571 quo
369 2501 535 2557 censendum
553 2501 590 2555 nil
608 2501 659 2555 nisi
679 2499 769 2554 dantis
788 2515 875 2561 amor,

210 2587 311 2642 Munus
329 2603 376 2642 eas
393 2590 509 2655 gratum.
529 2592 556 2641 te
574 2586 647 2641 laeta
665 2589 754 2640 mente
773 2590 910 2655 receptum

247 2673 374 2728 Protinus
392 2672 512 2728 articulis
530 2672 627 2727 induat
644 2671 690 2726 illa
708 2671 773 2726 suis.

186 2760 281 2814 ⁵Tam
298 2758 367 2813 bene
385 2758 545 2824 donnoniae,
565 2774 648 2828 quarn
666 2773 769 2812 mecum
789 2756 916 2811 conuenit
933 2754 984 2820 illi,

248 2844 283 2899 Et
301 2843 414 2914 digitum
431 2844 504 2898 iusto
522 2843 681 2899 commodus
700 2843 764 2898 orbe
782 2848 864 2896 teras.

210 2930 289 2987 Felix
307 2947 325 2984 a
342 2930 452 2986 domina
469 2929 629 2985 tractaberis
648 2927 728 2983 anule
746 2932 847 2982 nostra
