2375 3575
533 479 643 513 antonne.

238 611 306 676 ileu,
325 610 421 666 melior
439 614 541 679 quanto
559 624 620 663 sors
638 612 687 663 tna
705 612 777 663 sorte
797 608 868 661 meat

201 695 357 751 Dummodo
375 695 423 759 sic,
442 694 468 748 in
488 710 529 748 me
548 694 633 748 durae
650 693 766 747 transite
784 694 910 747 catenae!

224 781 374 856 ¹Tempora
391 779 480 833 noctis
498 783 570 833 eunt.
590 782 686 833 excute
704 782 784 847 poste
802 778 902 831 seram!

203 866 345 930 Fallimur,
365 881 399 918 an
419 880 498 918 uerso
517 868 668 918 sonuerunt
685 863 795 917 cardine
813 866 919 931 postes.

165 965 190 1003 so
238 951 388 1019 Raucaque
406 965 555 1003 concussae
574 948 654 1017 signa
673 948 770 1002 dedere
788 947 878 1001 fores?

204 1036 341 1091 Fallimur.
360 1034 496 1104 inpulsast
514 1034 636 1088 animoso
654 1034 736 1087 ianua
753 1037 843 1087 uento.

238 1121 270 1174 Ei
289 1120 362 1184 mihi,
381 1136 463 1189 quam
480 1118 561 1187 longe
579 1134 654 1187 spem
674 1117 736 1173 tulit
754 1135 820 1172 aura
838 1117 936 1171 meam!

204 1207 233 1262 Si
251 1205 319 1259 satis
338 1221 368 1259 es
386 1208 488 1273 raptae,
506 1204 600 1269 Borea,
620 1219 721 1257 memor
740 1202 886 1273 Orithyiae,

239 1291 299 1344 Huc
318 1290 384 1343 ades
403 1294 431 1343 et
449 1289 546 1344 surdas
563 1288 672 1343 flamine
691 1288 775 1342 tunde
793 1287 868 1341 foris.

168 1390 191 1427 ss
204 1376 275 1429 Vrbe
293 1374 375 1429 silent
391 1378 458 1440 tota,
477 1374 619 1444 uitreoque
638 1373 774 1428 madentia
793 1390 852 1426 roro

238 1460 375 1529 Tempora
393 1460 480 1513 noctis
498 1462 571 1512 erint.
590 1462 686 1511 excute
704 1463 783 1527 poste
802 1473 903 1520 seram,

205 1550 260 1601 Aut
278 1560 330 1613 ego
347 1545 401 1598 iam
419 1544 545 1613 ferroque
563 1542 673 1612 ignique
693 1542 813 1612 paratior
830 1542 903 1611 ipse,

238 1633 325 1698 Quem
342 1629 404 1683 face
421 1628 551 1688 sustineo,
570 1631 645 1681 tecta
662 1626 780 1696 superba
797 1633 896 1695 petam.
927 1656 931 1660 -

204 1718 263 1771 Nox
281 1720 309 1769 ct
326 1731 402 1769 amor
419 1714 567 1783 uinumque
586 1712 652 1766 nibil
669 1711 833 1767 moderabile
852 1712 975 1766 suadent.

167 1815 192 1853 so
241 1801 291 1856 llia
309 1801 413 1870 pudore
432 1805 519 1864 uacat,
538 1799 619 1852 Liber
638 1814 767 1867 amorque
785 1802 866 1851 metu.

204 1887 304 1943 Ouinia
321 1884 486 1953 consumpsi.
506 1900 556 1938 nec
574 1889 601 1937 te
620 1884 800 1953 precibusque
818 1883 952 1952 minisque

238 1971 382 2034 Monimns,
400 1986 417 2024 o
434 1968 537 2023 foribus
556 1969 648 2022 durior
665 1969 725 2038 ipse
742 1968 815 2022 tuis?

203 2058 265 2112 Non
282 2061 310 2109 te
328 2055 463 2109 formosae
482 2054 574 2108 decuit
591 2070 701 2108 seruare
720 2052 826 2122 puellae

241 2141 353 2196 Limina.
371 2139 488 2194 sollicito
507 2155 615 2193 carcere
634 2138 733 2207 dignus
751 2154 820 2192 eras.

163 2241 191 2279 ss
204 2228 330 2296 [lamque
348 2225 493 2294 pruinosos
511 2223 620 2278 molitur
639 2223 746 2277 Lucifer
764 2239 829 2277 axes

241 2312 326 2381 inque
343 2326 423 2364 snum
441 2309 553 2364 miseros
572 2309 673 2363 excitat
691 2308 748 2363 ales
766 2311 855 2377 opus]

204 2401 243 2453 At
260 2401 298 2460 tu
316 2412 370 2450 non
388 2394 468 2449 laetis
486 2396 610 2449 detracta
628 2410 728 2448 corona
746 2392 858 2462 capillis,

240 2481 316 2535 Dura
334 2496 415 2549 snper
434 2484 493 2534 tota
509 2479 602 2533 limina
620 2484 701 2534 nocte
718 2478 784 2532 iace.

204 2567 248 2622 'ln
266 2565 400 2624 dominae.
419 2581 479 2619 cnm
498 2569 525 2619 te
543 2564 693 2633 proiectam
713 2579 791 2616 nrane
810 2562 920 2627 uidebit,

163 2666 192 2705 ro
242 2649 384 2719 Temporis
402 2649 539 2719 absumpti
557 2654 614 2703 tam
633 2649 703 2702 male
721 2647 801 2702 testis
820 2648 880 2702 eris.

205 2735 420 2804 Qualiscumque
437 2733 499 2788 uale
516 2734 642 2804 sentique
660 2732 785 2789 abeuntis
804 2733 941 2787 honorem.

242 2819 326 2874 Lente
345 2835 395 2873 nec
413 2819 532 2873 admisso
550 2819 638 2888 turpis
657 2823 773 2882 amante,
792 2817 865 2871 nale!

865 2923 877 2959 s
