2375 3575
553 502 662 535 nncnns.
943 479 989 530 139

220 631 277 685 Gur
294 628 346 683 sim
363 633 493 695 mutatus,
512 631 639 699 quaeris?
659 628 852 703 quintriunma
871 630 961 698 poscis

255 714 332 769 Haec
348 717 377 768 te
394 730 449 768 non
466 715 569 783 patitur
587 731 672 769 causa
690 716 797 785 placere
814 715 886 768 mihi.

221 798 317 853 Donec
334 814 395 853 eras
413 798 536 868 simplex,
554 800 673 853 animum
693 816 752 854 cnm
773 816 885 869 corpore
904 800 1000 854 amani.

255 883 333 938 Nnnc
350 884 448 938 mentis
466 884 534 938 uitio
552 883 628 938 laesa
645 886 732 954 ligura
749 890 831 939 tnast.

184 978 208 1015 1⁵
221 969 257 1022 Et
274 985 343 1038 puer
360 972 403 1023 est
420 971 448 1023 et
466 969 556 1023 nudus
574 970 663 1023 Amor<
683 970 741 1024 sine
760 970 885 1024 serdibus
903 986 989 1024 annos

254 1053 292 1107 Et
308 1052 396 1108 nullas
414 1058 520 1119 uestes,
537 1058 568 1108 ut
585 1056 622 1109 sit
640 1058 761 1123 apertus,
780 1055 870 1109 hahet.

220 1138 293 1206 Quid
310 1155 423 1208 puerum
442 1138 554 1194 Veneris
572 1140 659 1209 pretio
679 1147 801 1209 prostare
820 1139 937 1193 iubetis?

255 1224 316 1291 Qu'o
333 1224 448 1293 pretium
468 1224 575 1288 condat,
596 1241 649 1277 non
669 1225 751 1279 habet
768 1224 812 1278 ille
832 1224 928 1278 sinum.

220 1310 277 1363 Nec
294 1308 385 1363 Venus
404 1314 469 1378 apta
486 1309 552 1363 feris
570 1309 683 1363 Veneris
702 1325 751 1363 nec
768 1309 839 1363 filins
859 1309 948 1362 armis.

182 1400 208 1440 20
255 1393 316 1447 Non
333 1394 412 1448 decet
428 1394 541 1449 inbelles
560 1411 624 1448 aera
642 1410 743 1448 merere
762 1395 836 1449 deos.

220 1478 282 1532 Stat
299 1479 426 1533 meretrix
443 1484 517 1533 certo
536 1479 622 1533 cuiuis
641 1480 794 1534 mercabilis
812 1496 887 1540 aere,

253 1562 290 1616 Et
307 1562 421 1619 miseras
438 1564 514 1619 iusso
532 1581 645 1634 corpore
663 1565 769 1634 quaerit
787 1581 860 1633 opes.

218 1648 346 1703 Deuonet
361 1649 503 1719 imperinm
520 1653 612 1703 tamen
630 1649 699 1703 haec
716 1650 820 1704 lenonis
839 1650 926 1708 anari,

255 1733 290 1786 Et
308 1735 381 1804 qnod
400 1750 449 1790 uos
467 1735 557 1790 facitis
575 1739 682 1804 sponte,
702 1738 797 1790 concta
814 1734 886 1788 facit.

179 1828 205 1866 2⁵
219 1821 324 1878 Sumite
341 1821 370 1874 in
388 1819 540 1890 exemplum
558 1821 679 1889 pecudes
697 1821 802 1874 ratione
821 1826 953 1874 carentes.

254 1906 345 1976 Turpe
363 1907 421 1971 erit,
439 1905 577 1974 ingenium
596 1906 689 1960 mitius
708 1922 770 1960 csse
788 1905 860 1959 feris.

218 1991 279 2046 Non
292 2006 362 2060 equa
375 2007 472 2045 munus
485 2007 591 2061 equom,
611 2007 664 2044 non
683 1995 790 2044 taurum
805 2008 888 2044 uacca
907 1989 1039 2058 poposcit,

253 2076 313 2130 Non
331 2076 402 2130 aries
420 2075 547 2144 placitam
566 2091 677 2129 munere
696 2081 790 2145 captat
807 2092 893 2129 ouem.

219 2161 285 2216 Sola
302 2161 361 2215 uiro
378 2161 473 2215 mulier
491 2160 586 2230 spoliis
605 2161 709 2214 exultat
727 2161 869 2231 ademptis.

178 2252 205 2291 ³0
255 2246 320 2301 Sola
336 2246 409 2300 locat
426 2249 529 2310 noctes,
548 2245 608 2300 sola
625 2245 742 2300 locanda
759 2249 841 2300 uenit.

219 2331 256 2385 Et
266 2331 366 2397 uendit,
380 2331 453 2401 qnod
464 2335 607 2399 utrumque
618 2331 702 2394 iuuat,
716 2331 788 2400 quod
800 2336 911 2400 uterque
922 2330 1039 2398 petebat,

253 2416 291 2470 Et
307 2416 431 2486 pretium,
450 2417 543 2486 quanti
562 2416 682 2483 gaudeat
700 2417 767 2485 ipsa,
785 2417 858 2471 facit.

218 2502 295 2569 Quae
313 2517 400 2556 uenus
418 2518 451 2556 cx
470 2517 558 2570 aequo
579 2506 726 2554 nentnrnst
743 2510 822 2570 grata
840 2502 953 2555 duobus.

254 2586 348 2640 Altera
365 2602 413 2639 cur
429 2585 503 2640 illam
523 2585 617 2640 uendit
636 2591 662 2639 et
681 2586 749 2639 alter
767 2587 847 2639 emit?

178 2679 205 2716 ³⁵
219 2673 275 2727 Our
291 2671 356 2725 milri
375 2671 411 2725 sit
430 2670 536 2735 damno,
555 2671 604 2724 tibi
624 2671 659 2724 sit
678 2671 784 2725 lucrosa
804 2672 942 2740 uoluptas.

254 2757 341 2823 Quam
359 2755 434 2811 socio
453 2759 526 2810 motu
545 2755 647 2808 femina
667 2756 761 2825 uirque
779 2756 885 2809 ferunt?

218 2842 279 2896 Non
298 2843 366 2896 bene
383 2841 509 2895 conducti
528 2840 652 2894 uendnnt
669 2841 786 2909 periuria
804 2848 896 2894 testes.

254 2924 313 2979 Non
330 2926 399 2980 benc
416 2925 510 2980 selecti
529 2925 625 2980 iudicis
645 2942 709 2978 arca
727 2931 810 2994 patet.
