<?xml version="1.0" encoding="UTF-8"?>
<!DOCTYPE html PUBLIC "-//W3C//DTD XHTML 1.0 Transitional//EN"
    "http://www.w3.org/TR/xhtml1/DTD/xhtml1-transitional.dtd">
<html xmlns="http://www.w3.org/1999/xhtml" xml:lang="en" lang="en">
 <head>
  <title>
</title>
<meta http-equiv="Content-Type" content="text/html;charset=utf-8" />
  <meta name='ocr-system' content='tesseract 3.04.00' />
  <meta name='ocr-capabilities' content='ocr_page ocr_carea ocr_par ocr_line ocrx_word'/>
</head>
<body>
  <div class='ocr_page' id='page_1' title='image "./povidiinasonisc00mlgoog_0130.png"; bbox 0 0 2375 3575; ppageno 0'>
   <div class='ocr_carea' id='block_1_1' title="bbox 227 459 663 518">
    <p class='ocr_par' dir='ltr' id='par_1_1' title="bbox 227 459 663 518">
     <span class='ocr_line' id='line_1_1' title="bbox 227 459 663 518; baseline 0.016 -7"><span class='ocrx_word' id='word_1_1' title='bbox 227 459 274 513; x_wconf 75' lang='lat'>1⁶22</span> <span class='ocrx_word' id='word_1_2' title='bbox 552 484 663 518; x_wconf 74' lang='lat' dir='ltr'>Auiones.</span> 
     </span>
    </p>
   </div>
   <div class='ocr_carea' id='block_1_2' title="bbox 226 611 947 769">
    <p class='ocr_par' dir='ltr' id='par_1_2' title="bbox 226 611 947 769">
     <span class='ocr_line' id='line_1_2' title="bbox 259 611 786 682; baseline 0.004 -17"><span class='ocrx_word' id='word_1_3' title='bbox 259 611 379 666; x_wconf 75' lang='lat' dir='ltr'>Adsidue</span> <span class='ocrx_word' id='word_1_4' title='bbox 396 618 489 682; x_wconf 87' lang='lat' dir='ltr'>partes</span> <span class='ocrx_word' id='word_1_5' title='bbox 507 612 587 666; x_wconf 90' lang='lat' dir='ltr'>turba</span> <span class='ocrx_word' id='word_1_6' title='bbox 605 621 699 667; x_wconf 89' lang='lat' dir='ltr'>secuta</span> <span class='ocrx_word' id='word_1_7' title='bbox 716 619 786 667; x_wconf 91' lang='lat' dir='ltr'>tuas.</span> 
     </span>
     <span class='ocr_line' id='line_1_3' title="bbox 226 696 947 769; baseline 0.003 -17"><span class='ocrx_word' id='word_1_8' title='bbox 226 696 274 752; x_wconf 90' lang='lat' dir='ltr'>His</span> <span class='ocrx_word' id='word_1_9' title='bbox 291 701 321 752; x_wconf 93' lang='lat' dir='ltr'>tu</span> <span class='ocrx_word' id='word_1_10' title='bbox 340 696 469 752; x_wconf 84' lang='lat' dir='ltr'>militibus</span> <span class='ocrx_word' id='word_1_11' title='bbox 487 713 601 766; x_wconf 87' lang='lat' dir='ltr'>superas</span> <span class='ocrx_word' id='word_1_12' title='bbox 619 697 797 769; x_wconf 82' lang='lat' dir='ltr'>hominesque</span> <span class='ocrx_word' id='word_1_13' title='bbox 816 698 947 769; x_wconf 85' lang='lat' dir='ltr'>deosque.</span> 
     </span>
    </p>
   </div>
   <div class='ocr_carea' id='block_1_3' title="bbox 132 782 995 2046">
    <p class='ocr_par' dir='ltr' id='par_1_3' title="bbox 132 782 995 2046">
     <span class='ocr_line' id='line_1_4' title="bbox 259 782 913 849; baseline 0.006 -14"><span class='ocrx_word' id='word_1_14' title='bbox 259 782 334 836; x_wconf 89' lang='lat' dir='ltr'>Haec</span> <span class='ocrx_word' id='word_1_15' title='bbox 351 782 401 837; x_wconf 92' lang='lat' dir='ltr'>tibi</span> <span class='ocrx_word' id='word_1_16' title='bbox 419 783 441 837; x_wconf 90' lang='lat' dir='ltr'>si</span> <span class='ocrx_word' id='word_1_17' title='bbox 460 782 554 837; x_wconf 88' lang='lat' dir='ltr'>demas</span> <span class='ocrx_word' id='word_1_18' title='bbox 572 783 722 849; x_wconf 85' lang='lat' dir='ltr'>commoda,</span> <span class='ocrx_word' id='word_1_19' title='bbox 742 783 830 838; x_wconf 91' lang='lat' dir='ltr'>nudus</span> <span class='ocrx_word' id='word_1_20' title='bbox 849 784 913 839; x_wconf 88' lang='lat' dir='ltr'>eris.</span> 
     </span>
     <span class='ocr_line' id='line_1_5' title="bbox 225 866 913 941; baseline 0.004 -20"><span class='ocrx_word' id='word_1_21' title='bbox 225 867 310 922; x_wconf 88' lang='lat' dir='ltr'>Laeta</span> <span class='ocrx_word' id='word_1_22' title='bbox 325 867 502 938; x_wconf 83' lang='lat' dir='ltr'>triumphanti</span> <span class='ocrx_word' id='word_1_23' title='bbox 521 866 555 921; x_wconf 91' lang='lat' dir='ltr'>de</span> <span class='ocrx_word' id='word_1_24' title='bbox 572 884 679 922; x_wconf 89' lang='lat' dir='ltr'>summo</span> <span class='ocrx_word' id='word_1_25' title='bbox 697 873 783 923; x_wconf 83' lang='lat' dir='ltr'>mater</span> <span class='ocrx_word' id='word_1_26' title='bbox 799 869 913 941; x_wconf 87' lang='lat' dir='ltr'>olympo</span> 
     </span>
     <span class='ocr_line' id='line_1_6' title="bbox 184 952 922 1024; baseline 0 -18"><span class='ocrx_word' id='word_1_27' title='bbox 184 962 211 1000; x_wconf 82' lang='lat'>40</span> <span class='ocrx_word' id='word_1_28' title='bbox 257 952 372 1007; x_wconf 84' lang='lat' dir='ltr'>Plaudet</span> <span class='ocrx_word' id='word_1_29' title='bbox 389 956 417 1007; x_wconf 88' lang='lat' dir='ltr'>et</span> <span class='ocrx_word' id='word_1_30' title='bbox 434 953 575 1023; x_wconf 86' lang='lat' dir='ltr'>adpositas</span> <span class='ocrx_word' id='word_1_31' title='bbox 593 958 705 1024; x_wconf 78' lang='lat' dir='ltr'>sparget</span> <span class='ocrx_word' id='word_1_32' title='bbox 721 954 749 1008; x_wconf 91' lang='lat' dir='ltr'>in</span> <span class='ocrx_word' id='word_1_33' title='bbox 767 970 817 1008; x_wconf 87' lang='lat' dir='ltr'>ora</span> <span class='ocrx_word' id='word_1_34' title='bbox 832 970 922 1009; x_wconf 82' lang='lat' dir='ltr'>rosas.</span> 
     </span>
     <span class='ocr_line' id='line_1_7' title="bbox 224 1039 913 1109; baseline 0.004 -17"><span class='ocrx_word' id='word_1_35' title='bbox 224 1039 265 1093; x_wconf 89' lang='grc' dir='ltr'>Τιι</span> <span class='ocrx_word' id='word_1_36' title='bbox 282 1039 380 1108; x_wconf 88' lang='lat' dir='ltr'>pinnas</span> <span class='ocrx_word' id='word_1_37' title='bbox 398 1054 511 1107; x_wconf 88' lang='lat' dir='ltr'>gemma,</span> <span class='ocrx_word' id='word_1_38' title='bbox 530 1054 638 1107; x_wconf 88' lang='lat' dir='ltr'>gemma</span> <span class='ocrx_word' id='word_1_39' title='bbox 655 1040 778 1100; x_wconf 84' lang='lat' dir='ltr'>uariante</span> <span class='ocrx_word' id='word_1_40' title='bbox 797 1039 913 1109; x_wconf 83' lang='lat' dir='ltr'>capillos</span> 
     </span>
     <span class='ocr_line' id='line_1_8' title="bbox 257 1123 763 1193; baseline -0.004 -16"><span class='ocrx_word' id='word_1_41' title='bbox 257 1123 312 1179; x_wconf 88' lang='lat' dir='ltr'>Ibis</span> <span class='ocrx_word' id='word_1_42' title='bbox 329 1124 357 1177; x_wconf 95' lang='lat' dir='ltr'>in</span> <span class='ocrx_word' id='word_1_43' title='bbox 375 1124 478 1178; x_wconf 84' lang='lat' dir='ltr'>auratis</span> <span class='ocrx_word' id='word_1_44' title='bbox 496 1140 593 1178; x_wconf 88' lang='lat' dir='ltr'>aureus</span> <span class='ocrx_word' id='word_1_45' title='bbox 612 1124 672 1193; x_wconf 89' lang='lat' dir='ltr'>ipse</span> <span class='ocrx_word' id='word_1_46' title='bbox 688 1124 763 1179; x_wconf 84' lang='lat' dir='ltr'>rotis.</span> 
     </span>
     <span class='ocr_line' id='line_1_9' title="bbox 226 1208 995 1279; baseline 0 -16"><span class='ocrx_word' id='word_1_47' title='bbox 226 1208 303 1263; x_wconf 88' lang='lat' dir='ltr'>Tunc</span> <span class='ocrx_word' id='word_1_48' title='bbox 320 1224 428 1279; x_wconf 89' lang='lat' dir='ltr'>quoque</span> <span class='ocrx_word' id='word_1_49' title='bbox 447 1224 502 1263; x_wconf 91' lang='lat' dir='ltr'>non</span> <span class='ocrx_word' id='word_1_50' title='bbox 520 1225 630 1278; x_wconf 86' lang='lat' dir='ltr'>paucos,</span> <span class='ocrx_word' id='word_1_51' title='bbox 650 1209 674 1263; x_wconf 90' lang='lat' dir='ltr'>si</span> <span class='ocrx_word' id='word_1_52' title='bbox 691 1213 718 1263; x_wconf 85' lang='lat' dir='ltr'>te</span> <span class='ocrx_word' id='word_1_53' title='bbox 736 1209 806 1265; x_wconf 89' lang='lat' dir='ltr'>bene</span> <span class='ocrx_word' id='word_1_54' title='bbox 818 1210 955 1275; x_wconf 89' lang='lat' dir='ltr'>nouimus,</span> <span class='ocrx_word' id='word_1_55' title='bbox 975 1227 995 1264; x_wconf 93' lang='grc' dir='ltr'>ιιι</span> 
     </span>
     <span class='ocr_line' id='line_1_10' title="bbox 258 1294 983 1365; baseline -0.001 -18"><span class='ocrx_word' id='word_1_56' title='bbox 258 1294 335 1348; x_wconf 84' lang='lat' dir='ltr'>Tunc</span> <span class='ocrx_word' id='word_1_57' title='bbox 352 1310 461 1365; x_wconf 88' lang='lat' dir='ltr'>qnoque</span> <span class='ocrx_word' id='word_1_58' title='bbox 478 1294 645 1364; x_wconf 87' lang='lat' dir='ltr'>praeteriens</span> <span class='ocrx_word' id='word_1_59' title='bbox 663 1294 776 1348; x_wconf 86' lang='lat' dir='ltr'>uulnera</span> <span class='ocrx_word' id='word_1_60' title='bbox 793 1294 881 1349; x_wconf 83' lang='lat' dir='ltr'>multa</span> <span class='ocrx_word' id='word_1_61' title='bbox 897 1295 983 1351; x_wconf 85' lang='lat' dir='ltr'>dabis.</span> 
     </span>
     <span class='ocr_line' id='line_1_11' title="bbox 185 1379 955 1450; baseline -0.001 -17"><span class='ocrx_word' id='word_1_62' title='bbox 185 1386 211 1423; x_wconf 79' lang='lat'>4⁵</span> <span class='ocrx_word' id='word_1_63' title='bbox 225 1380 282 1434; x_wconf 90' lang='lat' dir='ltr'>Non</span> <span class='ocrx_word' id='word_1_64' title='bbox 300 1385 428 1448; x_wconf 88' lang='lat' dir='ltr'>possunt,</span> <span class='ocrx_word' id='word_1_65' title='bbox 446 1379 510 1434; x_wconf 86' lang='lat' dir='ltr'>licet</span> <span class='ocrx_word' id='word_1_66' title='bbox 527 1380 590 1450; x_wconf 88' lang='lat' dir='ltr'>ipse·</span> <span class='ocrx_word' id='word_1_67' title='bbox 605 1379 680 1444; x_wconf 87' lang='lat' dir='ltr'>uelis,</span> <span class='ocrx_word' id='word_1_68' title='bbox 700 1395 808 1435; x_wconf 84' lang='lat' dir='ltr'>cessare</span> <span class='ocrx_word' id='word_1_69' title='bbox 825 1381 955 1449; x_wconf 80' lang='lat' dir='ltr'>sagittae.</span> 
     </span>
     <span class='ocr_line' id='line_1_12' title="bbox 259 1465 832 1534; baseline -0.005 -15"><span class='ocrx_word' id='word_1_70' title='bbox 259 1465 376 1519; x_wconf 81' lang='lat' dir='ltr'>Fornida</span> <span class='ocrx_word' id='word_1_71' title='bbox 394 1466 482 1520; x_wconf 92' lang='lat' dir='ltr'>uicino</span> <span class='ocrx_word' id='word_1_72' title='bbox 499 1465 609 1519; x_wconf 89' lang='lat' dir='ltr'>flamma</span> <span class='ocrx_word' id='word_1_73' title='bbox 625 1481 727 1534; x_wconf 89' lang='lat' dir='ltr'>uapore</span> <span class='ocrx_word' id='word_1_74' title='bbox 746 1471 832 1520; x_wconf 89' lang='lat' dir='ltr'>nocet.</span> 
     </span>
     <span class='ocr_line' id='line_1_13' title="bbox 132 1547 906 1619; baseline 0.003 -16"><span class='ocrx_word' id='word_1_75' title='bbox 132 1553 134 1557; x_wconf 81' lang='grc'><strong>’</strong></span> <span class='ocrx_word' id='word_1_76' title='bbox 224 1550 298 1605; x_wconf 86' lang='lat' dir='ltr'>Talis</span> <span class='ocrx_word' id='word_1_77' title='bbox 316 1554 375 1605; x_wconf 88' lang='lat' dir='ltr'>erat</span> <span class='ocrx_word' id='word_1_78' title='bbox 392 1550 495 1604; x_wconf 89' lang='lat' dir='ltr'>domita</span> <span class='ocrx_word' id='word_1_79' title='bbox 513 1550 637 1605; x_wconf 86' lang='lat' dir='ltr'>Bacchus</span> <span class='ocrx_word' id='word_1_80' title='bbox 656 1547 807 1619; x_wconf 85' lang='lat' dir='ltr'>Gangetide</span> <span class='ocrx_word' id='word_1_81' title='bbox 824 1554 906 1605; x_wconf 86' lang='lat' dir='ltr'>terra.</span> 
     </span>
     <span class='ocr_line' id='line_1_14' title="bbox 260 1634 817 1706; baseline 0 -17"><span class='ocrx_word' id='word_1_82' title='bbox 260 1635 299 1689; x_wconf 89' lang='lat' dir='ltr'>Tu</span> <span class='ocrx_word' id='word_1_83' title='bbox 318 1635 410 1705; x_wconf 82' lang='lat' dir='ltr'>grauis</span> <span class='ocrx_word' id='word_1_84' title='bbox 427 1636 545 1701; x_wconf 81' lang='lat' dir='ltr'>alitibus,</span> <span class='ocrx_word' id='word_1_85' title='bbox 563 1635 678 1705; x_wconf 85' lang='lat' dir='ltr'>tigribus</span> <span class='ocrx_word' id='word_1_86' title='bbox 697 1634 741 1706; x_wconf 83' lang='lat' dir='ltr'>ille</span> <span class='ocrx_word' id='word_1_87' title='bbox 758 1636 817 1689; x_wconf 86' lang='lat' dir='ltr'>fuit.</span> 
     </span>
     <span class='ocr_line' id='line_1_15' title="bbox 226 1721 905 1792; baseline 0.001 -18"><span class='ocrx_word' id='word_1_88' title='bbox 226 1721 297 1790; x_wconf 85' lang='lat' dir='ltr'>Ergo</span> <span class='ocrx_word' id='word_1_89' title='bbox 315 1737 374 1776; x_wconf 90' lang='lat' dir='ltr'>cum</span> <span class='ocrx_word' id='word_1_90' title='bbox 393 1721 494 1792; x_wconf 90' lang='lat' dir='ltr'>possim</span> <span class='ocrx_word' id='word_1_91' title='bbox 512 1721 582 1775; x_wconf 87' lang='lat' dir='ltr'>sacri</span> <span class='ocrx_word' id='word_1_92' title='bbox 601 1737 665 1791; x_wconf 86' lang='lat' dir='ltr'>pars</span> <span class='ocrx_word' id='word_1_93' title='bbox 684 1736 744 1775; x_wconf 89' lang='lat' dir='ltr'>esse</span> <span class='ocrx_word' id='word_1_94' title='bbox 761 1721 905 1791; x_wconf 87' lang='lat' dir='ltr'>triumphi,</span> 
     </span>
     <span class='ocr_line' id='line_1_16' title="bbox 187 1806 878 1876; baseline -0.001 -15"><span class='ocrx_word' id='word_1_95' title='bbox 187 1813 211 1852; x_wconf 78' lang='lat'>5⁰</span> <span class='ocrx_word' id='word_1_96' title='bbox 258 1806 342 1862; x_wconf 87' lang='lat' dir='ltr'>Parce</span> <span class='ocrx_word' id='word_1_97' title='bbox 358 1813 421 1862; x_wconf 85' lang='lat' dir='ltr'>tuas</span> <span class='ocrx_word' id='word_1_98' title='bbox 439 1808 467 1861; x_wconf 90' lang='lat' dir='ltr'>in</span> <span class='ocrx_word' id='word_1_99' title='bbox 485 1823 527 1860; x_wconf 89' lang='lat' dir='ltr'>me</span> <span class='ocrx_word' id='word_1_100' title='bbox 545 1809 664 1876; x_wconf 88' lang='lat' dir='ltr'>perdere,</span> <span class='ocrx_word' id='word_1_101' title='bbox 684 1807 783 1872; x_wconf 89' lang='lat' dir='ltr'>uictor,</span> <span class='ocrx_word' id='word_1_102' title='bbox 801 1823 878 1876; x_wconf 89' lang='lat' dir='ltr'>opes.</span> 
     </span>
     <span class='ocr_line' id='line_1_17' title="bbox 226 1892 804 1962; baseline 0.002 -17"><span class='ocrx_word' id='word_1_103' title='bbox 226 1892 325 1962; x_wconf 82' lang='lat' dir='ltr'>Aspice</span> <span class='ocrx_word' id='word_1_104' title='bbox 344 1894 453 1961; x_wconf 84' lang='lat' dir='ltr'>cognati</span> <span class='ocrx_word' id='word_1_105' title='bbox 470 1893 560 1947; x_wconf 89' lang='lat' dir='ltr'>felicia</span> <span class='ocrx_word' id='word_1_106' title='bbox 578 1892 703 1947; x_wconf 78' lang='lat' dir='ltr'>(laesuris</span> <span class='ocrx_word' id='word_1_107' title='bbox 721 1909 804 1946; x_wconf 89' lang='lat' dir='ltr'>arma.</span> 
     </span>
     <span class='ocr_line' id='line_1_18' title="bbox 259 1977 820 2046; baseline 0 -16"><span class='ocrx_word' id='word_1_108' title='bbox 259 1977 318 2045; x_wconf 79' lang='lat' dir='ltr'>Qua</span> <span class='ocrx_word' id='word_1_109' title='bbox 337 1978 408 2042; x_wconf 87' lang='lat' dir='ltr'>uicit,</span> <span class='ocrx_word' id='word_1_110' title='bbox 427 1978 516 2032; x_wconf 89' lang='lat' dir='ltr'>uictos</span> <span class='ocrx_word' id='word_1_111' title='bbox 534 1979 652 2046; x_wconf 85' lang='lat' dir='ltr'>protegit</span> <span class='ocrx_word' id='word_1_112' title='bbox 669 1977 714 2032; x_wconf 90' lang='lat' dir='ltr'>ille</span> <span class='ocrx_word' id='word_1_113' title='bbox 731 1994 820 2031; x_wconf 86' lang='lat' dir='ltr'>uranu.</span> 
     </span>
    </p>
   </div>
   <div class='ocr_carea' id='block_1_4' title="bbox 584 2202 640 2266">
    <p class='ocr_par' dir='ltr' id='par_1_4' title="bbox 584 2202 640 2266">
     <span class='ocr_line' id='line_1_19' title="bbox 584 2202 640 2266; baseline -0.036 0"><span class='ocrx_word' id='word_1_114' title='bbox 584 2202 640 2266; x_wconf 85' lang='grc' dir='ltr'><strong>ΙΙΙ.</strong></span> 
     </span>
    </p>
   </div>
   <div class='ocr_carea' id='block_1_5' title="bbox 201 2318 995 2986">
    <p class='ocr_par' dir='ltr' id='par_1_5' title="bbox 227 2318 975 2475">
     <span class='ocr_line' id='line_1_20' title="bbox 227 2318 975 2389; baseline 0.003 -18"><span class='ocrx_word' id='word_1_115' title='bbox 227 2319 301 2373; x_wconf 87' lang='lat' dir='ltr'>iusta</span> <span class='ocrx_word' id='word_1_116' title='bbox 318 2335 421 2388; x_wconf 86' lang='lat' dir='ltr'>precor.</span> <span class='ocrx_word' id='word_1_117' title='bbox 440 2336 511 2389; x_wconf 90' lang='lat' dir='ltr'>quae</span> <span class='ocrx_word' id='word_1_118' title='bbox 529 2336 572 2374; x_wconf 92' lang='lat' dir='ltr'>me</span> <span class='ocrx_word' id='word_1_119' title='bbox 590 2336 676 2389; x_wconf 89' lang='lat' dir='ltr'>nuper</span> <span class='ocrx_word' id='word_1_120' title='bbox 694 2319 826 2389; x_wconf 84' lang='lat' dir='ltr'>praedata</span> <span class='ocrx_word' id='word_1_121' title='bbox 843 2318 975 2388; x_wconf 87' lang='lat' dir='ltr'>puellast,</span> 
     </span>
     <span class='ocr_line' id='line_1_21' title="bbox 260 2405 956 2475; baseline 0 -17"><span class='ocrx_word' id='word_1_122' title='bbox 260 2407 315 2459; x_wconf 91' lang='lat' dir='ltr'>Aut</span> <span class='ocrx_word' id='word_1_123' title='bbox 333 2409 412 2470; x_wconf 86' lang='lat' dir='ltr'>amet,</span> <span class='ocrx_word' id='word_1_124' title='bbox 431 2409 478 2459; x_wconf 88' lang='lat' dir='ltr'>aut</span> <span class='ocrx_word' id='word_1_125' title='bbox 495 2405 587 2471; x_wconf 83' lang='lat' dir='ltr'>faciat,</span> <span class='ocrx_word' id='word_1_126' title='bbox 606 2421 653 2459; x_wconf 90' lang='lat' dir='ltr'>cur</span> <span class='ocrx_word' id='word_1_127' title='bbox 672 2421 723 2474; x_wconf 89' lang='lat' dir='ltr'>ego</span> <span class='ocrx_word' id='word_1_128' title='bbox 742 2420 849 2475; x_wconf 86' lang='lat' dir='ltr'>semper</span> <span class='ocrx_word' id='word_1_129' title='bbox 868 2421 956 2459; x_wconf 84' lang='lat' dir='ltr'>amem</span> 
     </span>
    </p>

    <p class='ocr_par' dir='ltr' id='par_1_6' title="bbox 227 2490 864 2648">
     <span class='ocr_line' id='line_1_22' title="bbox 227 2490 864 2560; baseline -0.002 -18"><span class='ocrx_word' id='word_1_130' title='bbox 227 2495 255 2551; x_wconf 82' lang='lat' dir='ltr'>A,</span> <span class='ocrx_word' id='word_1_131' title='bbox 276 2490 386 2544; x_wconf 90' lang='lat' dir='ltr'>nimium</span> <span class='ocrx_word' id='word_1_132' title='bbox 405 2491 491 2546; x_wconf 87' lang='lat' dir='ltr'>nolui!</span> <span class='ocrx_word' id='word_1_133' title='bbox 509 2495 615 2545; x_wconf 87' lang='lat' dir='ltr'>tantum</span> <span class='ocrx_word' id='word_1_134' title='bbox 633 2491 753 2560; x_wconf 89' lang='lat' dir='ltr'>patiatur</span> <span class='ocrx_word' id='word_1_135' title='bbox 771 2491 864 2544; x_wconf 87' lang='lat' dir='ltr'>amari.</span> 
     </span>
     <span class='ocr_line' id='line_1_23' title="bbox 259 2575 837 2648; baseline -0.002 -18"><span class='ocrx_word' id='word_1_136' title='bbox 259 2575 382 2630; x_wconf 85' lang='lat' dir='ltr'>Audierit</span> <span class='ocrx_word' id='word_1_137' title='bbox 399 2581 506 2631; x_wconf 91' lang='lat' dir='ltr'>nostras</span> <span class='ocrx_word' id='word_1_138' title='bbox 523 2581 566 2630; x_wconf 93' lang='lat' dir='ltr'>tot</span> <span class='ocrx_word' id='word_1_139' title='bbox 582 2576 717 2648; x_wconf 79' lang='lat' dir='ltr'>Cytherea</span> <span class='ocrx_word' id='word_1_140' title='bbox 734 2591 837 2646; x_wconf 83' lang='lat' dir='ltr'>preces.</span> 
     </span>
    </p>

    <p class='ocr_par' dir='ltr' id='par_1_7' title="bbox 201 2662 924 2731">
     <span class='ocr_line' id='line_1_24' title="bbox 201 2662 924 2731; baseline 0.001 -18"><span class='ocrx_word' id='word_1_141' title='bbox 201 2662 338 2730; x_wconf 76' lang='lat' dir='ltr'>⁵Accipe,</span> <span class='ocrx_word' id='word_1_142' title='bbox 358 2662 519 2731; x_wconf 86' lang='lat' dir='ltr'>perlongus</span> <span class='ocrx_word' id='word_1_143' title='bbox 538 2662 585 2716; x_wconf 90' lang='lat' dir='ltr'>tibi</span> <span class='ocrx_word' id='word_1_144' title='bbox 605 2662 650 2731; x_wconf 92' lang='lat' dir='ltr'>qui</span> <span class='ocrx_word' id='word_1_145' title='bbox 669 2662 805 2716; x_wconf 85' lang='lat' dir='ltr'>deseruiat</span> <span class='ocrx_word' id='word_1_146' title='bbox 824 2676 924 2715; x_wconf 83' lang='lat' dir='ltr'>annos.</span> 
     </span>
    </p>

    <p class='ocr_par' dir='ltr' id='par_1_8' title="bbox 260 2746 794 2818">
     <span class='ocr_line' id='line_1_25' title="bbox 260 2746 794 2818; baseline -0.002 -17"><span class='ocrx_word' id='word_1_147' title='bbox 260 2747 367 2818; x_wconf 89' lang='lat' dir='ltr'>Accipe,</span> <span class='ocrx_word' id='word_1_148' title='bbox 387 2749 433 2817; x_wconf 88' lang='lat' dir='ltr'>qui</span> <span class='ocrx_word' id='word_1_149' title='bbox 450 2765 519 2817; x_wconf 85' lang='lat' dir='ltr'>pura</span> <span class='ocrx_word' id='word_1_150' title='bbox 537 2747 607 2801; x_wconf 86' lang='lat' dir='ltr'>norit</span> <span class='ocrx_word' id='word_1_151' title='bbox 624 2763 715 2801; x_wconf 84' lang='lat' dir='ltr'>amare</span> <span class='ocrx_word' id='word_1_152' title='bbox 733 2746 794 2800; x_wconf 90' lang='lat' dir='ltr'>fide.</span> 
     </span>
    </p>

    <p class='ocr_par' dir='ltr' id='par_1_9' title="bbox 227 2833 995 2986">
     <span class='ocr_line' id='line_1_26' title="bbox 227 2833 995 2900; baseline -0.004 -15"><span class='ocrx_word' id='word_1_153' title='bbox 227 2834 255 2886; x_wconf 76' lang='lat' dir='ltr'>si</span> <span class='ocrx_word' id='word_1_154' title='bbox 274 2850 316 2887; x_wconf 89' lang='lat' dir='ltr'>rue</span> <span class='ocrx_word' id='word_1_155' title='bbox 335 2850 388 2887; x_wconf 92' lang='lat' dir='ltr'>non</span> <span class='ocrx_word' id='word_1_156' title='bbox 407 2838 528 2887; x_wconf 87' lang='lat' dir='ltr'>ueterum</span> <span class='ocrx_word' id='word_1_157' title='bbox 547 2833 738 2887; x_wconf 86' lang='lat' dir='ltr'>commendant</span> <span class='ocrx_word' id='word_1_158' title='bbox 754 2847 854 2900; x_wconf 88' lang='lat' dir='ltr'>magna</span> <span class='ocrx_word' id='word_1_159' title='bbox 872 2838 995 2900; x_wconf 83' lang='lat' dir='ltr'>parentur</span> 
     </span>
     <span class='ocr_line' id='line_1_27' title="bbox 260 2918 920 2986; baseline -0.008 -11"><span class='ocrx_word' id='word_1_160' title='bbox 260 2920 386 2979; x_wconf 86' lang='lat' dir='ltr'>Nomina,</span> <span class='ocrx_word' id='word_1_161' title='bbox 405 2919 429 2973; x_wconf 92' lang='lat' dir='ltr'>si</span> <span class='ocrx_word' id='word_1_162' title='bbox 447 2918 531 2971; x_wconf 88' lang='lat' dir='ltr'>nostri</span> <span class='ocrx_word' id='word_1_163' title='bbox 550 2919 691 2985; x_wconf 80' lang='lat' dir='ltr'>sanguinis</span> <span class='ocrx_word' id='word_1_164' title='bbox 710 2921 804 2972; x_wconf 86' lang='lat' dir='ltr'>auctor</span> <span class='ocrx_word' id='word_1_165' title='bbox 823 2932 920 2986; x_wconf 79' lang='lat' dir='ltr'>eques,</span> 
     </span>
    </p>
   </div>
   <div class='ocr_carea' id='block_1_6' title="bbox 0 0 1192 3575">
    <p class='ocr_par' dir='ltr' id='par_1_10' title="bbox 0 0 1192 3575">
     <span class='ocr_line' id='line_1_28' title="bbox 0 0 1192 3575; baseline 0 0"><span class='ocrx_word' id='word_1_166' title='bbox 0 0 1192 3575; x_wconf 95' lang='lat' dir='ltr'> </span> 
     </span>
    </p>
   </div>
  </div>
 </body>
</html>
