2375 3575
227 486 243 537 6
507 510 554 544 urus
569 510 709 545 eunoun..

227 637 263 692 Et
280 636 345 692 milri
363 637 443 694 cedet
460 639 554 704 Amor,
574 639 700 708 quamuis
712 654 779 693 mea
797 637 920 693 uulneret
938 655 1003 693 arcu

262 724 377 778 Pectora
395 723 511 777 iactatas
531 723 706 793 excutiatque
724 724 808 779 laces.

228 808 288 876 Quo
306 824 350 863 mc
366 808 425 862 fixit
441 810 537 873 Amor,
557 824 612 878 quo
630 824 673 862 me
692 808 837 863 uiolentius
855 808 934 875 ussit,

263 893 322 949 lloc
339 892 434 948 melior
451 892 518 946 lacti
536 892 657 948 uulneris
675 893 746 947 ultor
764 909 819 948 ero.

189 996 214 1035 rs
229 978 289 1033 Nou
306 994 368 1048 ego,
386 978 502 1042 Phoebe,
521 978 602 1033 datas
620 982 682 1033 ate
700 977 765 1033 mihi
783 978 898 1033 mentiar
916 981 997 1042 artes,

260 1063 316 1119 Nec
335 1079 387 1118 uos
405 1061 510 1118 Aoniae
529 1078 598 1117 uoce
616 1079 757 1118 monemur
774 1063 841 1128 auis,

227 1148 282 1204 Nec
300 1148 365 1202 milri
383 1153 447 1203 sunt
465 1148 540 1203 uisae
559 1148 617 1203 (llio
636 1148 765 1218 Cliusque
788 1164 895 1203 sorores

262 1231 388 1288 Seruanti
406 1233 526 1303 pecudes
545 1233 673 1299 uallibus,
697 1236 795 1299 Ascra,
814 1234 877 1287 tuis.

226 1318 298 1373 Vsus
316 1334 387 1388 opus
405 1322 498 1373 mouet
514 1318 575 1373 hoc.
593 1318 764 1390 uati'parete
779 1318 875 1387 perito.

190 1420 216 1460 so
264 1403 335 1459 Vera
353 1418 458 1459 canam.
476 1404 593 1473 coeptis,
615 1406 702 1459 mater
719 1403 839 1469 Amoris,
858 1404 937 1458 ades!

226 1488 294 1545 Este
311 1488 421 1558 procul,
441 1488 527 1544 uittae
544 1492 654 1554 tenues,
672 1488 779 1556 insigne
796 1489 922 1557 pudoris,

261 1574 392 1644 Quaeque
409 1574 481 1643 tegis
499 1574 615 1639 medios,
634 1572 728 1628 instita
745 1573 835 1642 longa,
853 1573 947 1643 pedes.

226 1658 282 1715 Nos
301 1674 430 1714 uenerem
448 1662 537 1713 tutam
554 1673 741 1728 concessaque
758 1659 831 1713 furta
849 1674 985 1725 canemus,

261 1744 348 1814 Inque
370 1760 429 1800 meo
447 1743 551 1799 nullum
568 1744 688 1799 carmine
706 1746 806 1812 crimen
825 1745 884 1800 erit.

190 1845 216 1885 as
228 1829 365 1900 Principio
383 1829 458 1900 quod
475 1845 566 1884 amare
585 1829 654 1884 uelis
671 1830 790 1899 reperire
808 1829 908 1896 labora,

263 1914 316 1982 Qui
334 1929 408 1968 noua
425 1929 497 1968 nnnc
514 1913 632 1983 primurn
649 1915 726 1970 miles
744 1915 773 1969 in
790 1931 866 1970 arma
882 1910 968 1970 uenis.

228 1999 372 2054 Proximus
389 1998 453 2052 huic
470 1998 547 2054 labor
565 2002 608 2054 est
626 1999 754 2068 placitam
772 2016 884 2056 exorare
901 2000 1028 2070 puellam.

264 2084 380 2150 Tertius,
399 2088 430 2138 ut
446 2083 528 2150 longo
545 2086 669 2154 tempore
687 2085 766 2139 duret
783 2101 867 2140 amor.

230 2169 281 2224 Hic
298 2169 404 2225 molius.
423 2169 492 2224 haec
509 2173 604 2224 nostro
622 2169 775 2238 signabitur
792 2186 856 2224 area
874 2186 962 2224 curru.

160 2288 162 2293 ·
190 2269 217 2311 uo
264 2254 340 2309 Haec
358 2254 410 2309 erit
427 2253 549 2310 admissa
567 2258 640 2309 meta
657 2256 805 2324 premenda
822 2259 891 2310 rota.

228 2340 300 2395 Dum
319 2340 389 2406 licet,
408 2343 437 2395 et
453 2339 518 2394 louis
535 2339 640 2408 passim
657 2343 737 2409 potes
754 2339 795 2394 ire
812 2339 916 2405 solutis,

263 2424 341 2492 Elige
360 2423 405 2479 cui
422 2424 498 2479 dicas
518 2427 556 2478 ‘tu
574 2423 639 2478 mihi
657 2425 717 2481 sola
734 2425 844 2495 places?
905 2479 908 2484 .

228 2510 306 2565 Haec
322 2509 371 2565 lr'bi
391 2526 446 2564 non
463 2513 560 2566 tenues
580 2509 672 2564 ueniet
689 2509 803 2579 delapsa
819 2514 876 2580 pet*
886 2527 977 2568 auras,

263 2595 454 2663 Quaerendast
471 2594 557 2650 oculis
575 2599 642 2664 apta
659 2595 750 2665 puella
767 2590 831 2650 tbis.

189 2694 216 2734 rs
229 2679 288 2736 Scit
305 2680 375 2736 benc
393 2682 518 2745 uenator,
537 2680 626 2735 ceruis
644 2680 690 2735 ubi
707 2680 776 2734 retia
792 2681 895 2749 tendat,

262 2765 320 2821 Scit
338 2765 415 2830 bene,
435 2780 490 2835 qua
507 2765 635 2820 frendens
653 2764 724 2820 ualle
742 2771 861 2822 moretur
878 2783 952 2838 aper.

228 2850 389 2920 Aucupibus
407 2849 465 2905 noti
482 2850 602 2906 frutices.
620 2851 667 2920 qui
685 2850 803 2907 sustinet
820 2851 929 2921 hamos,

261 2933 351 3002 uouit,
371 2951 442 3006 quae
459 2935 545 2991 multo
562 2936 640 3007 pisce
658 2940 786 2992 natentur
798 2952 894 3008 aquus
