2375 3575
251 439 285 491 24
530 462 578 496 nne
591 463 732 497 1111001111.

199 590 333 657 11011000,
352 607 433 647 suum
450 594 541 647 uatem
557 592 637 646 Liber
654 595 743 646 uocat.
761 592 806 646 hic
824 608 934 663 quoque
951 596 1065 650 amantis

284 676 403 731 Adiuuat
420 680 448 731 et
464 677 600 742 flammae,
620 693 674 747 qua
692 678 762 732 calet
779 678 851 748 ipse,
870 678 953 734 fauet.

250 762 349 817 Gnosis
367 763 395 817 in
413 763 513 832 ignotis
531 778 624 817 amens
643 763 750 817 errabat
766 763 888 830 harenis,

284 846 344 915 Qua
360 848 450 903 breuis
469 849 611 918 aequoreis
630 849 682 902 Dia
698 849 793 903 feritur
810 850 897 918 aquis.

249 931 338 1002 thue
356 937 414 988 erat
432 950 446 987 e
465 950 559 988 somno
576 934 669 989 tunica
686 934 777 988 uelata
794 934 925 1000 recincta,

198 1030 235 1070 sao
282 1017 359 1072 Nuda
376 1019 485 1088 pedem,
505 1034 615 1074 croceas
632 1019 774 1088 inreligata
792 1035 896 1084 comas,

250 1102 357 1158 Thesea
376 1103 510 1158 crudelem
529 1105 626 1158 surdas
645 1104 780 1159 clamabat
797 1105 833 1158 ad
850 1105 939 1160 undas

283 1188 398 1258 Indigno
415 1193 524 1244 teneras
543 1189 628 1243 imbre
645 1190 752 1258 rigante
770 1205 863 1259 genas.

141 1314 144 1320 .
249 1273 391 1328 Clamabat
407 1273 543 1344 flebatque
561 1274 653 1339 simul,
672 1275 721 1329 sed
739 1278 882 1344 utrumque
900 1275 1025 1331 decebat.

282 1358 341 1412 Non
358 1358 460 1414 factast
476 1359 594 1414 lacrimis
611 1360 716 1429 turpior
732 1359 778 1414 illa
797 1361 861 1414 suis

197 1454 234 1495 sas
248 1443 360 1514 Iamque
377 1445 475 1498 iteruin
492 1445 610 1499 tundens
628 1445 787 1500 mollissima
804 1451 916 1516 pectora
933 1445 1033 1515 palmis

282 1528 411 1584 ‘Perfidus
428 1529 473 1584 ille
492 1529 564 1585 abiit.
585 1530 650 1600 quid
668 1530 731 1584 mibi
749 1531 821 1584 fietl'
840 1531 885 1584 ait.

248 1613 326 1682 ‘Quid
343 1614 408 1669 mibi
425 1615 497 1669 fietl'
517 1615 562 1669 ait.
580 1620 730 1670 sonuerunt
747 1616 870 1687 cymbala
886 1619 946 1670 toto

280 1699 383 1754 Littore
401 1704 428 1754 et
445 1701 568 1755 adtonita
585 1704 715 1773 tympana
733 1701 813 1771 pulsa
830 1717 920 1754 manu.

247 1784 356 1840 Excidit
372 1785 419 1841 illa
436 1790 510 1841 metu
528 1786 657 1857 rupitque
675 1786 825 1842 nouissima
843 1786 933 1842 uerba.

197 1882 234 1921 140
281 1870 375 1927 Nullus
393 1872 420 1926 in
440 1873 556 1927 exanimi
574 1888 687 1942 corpore
706 1873 817 1940 sanguis
836 1876 901 1926 erat.

247 1956 318 2012 Ecce
334 1956 530 2012 Mimallonides
548 1958 653 2028 sparsis
670 1958 697 2012 in
715 1962 793 2026 terga
811 1956 927 2027 capillis,

281 2042 351 2096 Ecce
369 2042 444 2097 leues
462 2043 560 2114 satyri,
577 2043 690 2112 praeuia
707 2044 787 2098 turba
805 2042 861 2107 dei,

246 2126 356 2194 Ebrius,
375 2144 451 2194 ecce,
471 2144 554 2183 senex
571 2129 663 2198 pando
682 2128 789 2183 Silenus
808 2127 901 2182 asello.

280 2212 330 2274 Vix
347 2214 425 2268 sedet
442 2218 469 2269 et
486 2229 596 2284 pressas
615 2214 734 2269 continet
751 2218 815 2268 ante
832 2213 919 2270 iubas.

195 2310 232 2347 scs
246 2297 317 2352 Dum
330 2299 451 2369 sequitur
463 2299 593 2365 bacchas,
606 2299 726 2355 bacchae
735 2299 896 2369 fugiuntque
905 2302 1065 2370 petuntque,

280 2383 489 2455 Quadrupedem
506 2384 593 2440 ferula
609 2385 674 2439 dum
691 2384 778 2439 malus
797 2389 893 2453 urguet
911 2399 1008 2454 eques,

246 2468 276 2523 In
296 2473 380 2540 caput
398 2471 486 2525 aurito
506 2470 605 2524 cecidit
622 2470 751 2539 delapsus
769 2470 861 2524 asello.

281 2554 438 2611 Clamarunt
455 2556 539 2627 satyri
557 2561 647 2625 ‘surge
665 2572 728 2625 age,
747 2570 839 2623 surge,
859 2556 954 2626 pater.'

245 2640 304 2695 Iam
322 2640 389 2695 deus
406 2641 434 2695 in
453 2656 544 2705 curru,
565 2657 646 2711 quem
664 2657 797 2696 summum
815 2646 921 2695 texerat
938 2641 1012 2707 uuis,

195 2734 233 2776 550
281 2725 406 2795 Tigribus
424 2724 558 2780 adiunctis
577 2742 660 2780 aurea
677 2725 736 2779 lora
754 2725 843 2779 dabat.

246 2810 282 2866 Et
299 2810 373 2865 color
391 2814 418 2865 et
436 2810 558 2865 Theseus
577 2814 605 2865 et
622 2827 676 2865 uox
693 2810 783 2865 abiere
795 2811 909 2879 puellae.

280 2896 385 2965 Terque
403 2894 494 2962 fugam
513 2894 603 2964 petiit,
623 2899 718 2966 terque
736 2899 841 2950 retenta
858 2901 965 2952 metnst.
