2375 3575
466 473 513 507 nus
528 470 668 506 suanorum.
909 463 943 517 55

175 624 241 692 Ipsa
258 621 349 676 Venus
367 621 475 692 pubem,
492 620 618 689 quotiens
637 618 772 673 uelamina
789 621 876 689 ponit,

209 706 365 777 Protegitur
381 705 462 760 laeua
479 704 661 761 semireducta
678 720 767 758 manu.

126 810 161 847 ara
176 793 207 847 lu
228 783 322 846 medio
335 792 493 862 passimque
511 790 566 845 coit
583 806 676 860 pecus.
695 790 747 844 boc
764 806 873 862 quoque
890 791 951 848 uiso

211 877 320 932 Auertit
338 876 430 931 uultus
449 891 532 947 saepe
549 875 641 945 puella
659 892 732 931 suos.

174 964 350 1019 Conueniunt
366 962 478 1017 thalami
495 962 574 1017 furtis
593 964 621 1015 et
638 961 720 1016 ianua
737 963 850 1028 nostris,

209 1049 332 1119 Parsque
349 1048 401 1103 sub
417 1048 517 1102 iniecta
533 1050 612 1101 ueste
630 1047 758 1117 pudenda
774 1047 848 1102 latet.

173 1135 211 1189 Et
229 1134 251 1188 si
271 1150 326 1188 non
342 1133 477 1199 tenebrae,
497 1136 525 1186 at
543 1132 672 1202 quiddam
690 1133 770 1188 nubis
788 1150 891 1203 opacae

127 1235 161 1275 sao
209 1219 370 1287 Quaerimus
387 1222 471 1289 atque
488 1218 591 1289 aliquid
609 1218 668 1273 luce
686 1221 797 1288 patente
815 1220 912 1275 minus.

176 1305 254 1359 Tunc
263 1321 380 1376 quoque,
390 1320 452 1358 cum
463 1303 546 1359 solem
554 1303 672 1357 nondum
679 1303 839 1374 prohibebat
844 1310 871 1359 et
883 1305 995 1361 imbrem

211 1390 322 1460 Tegula,
341 1391 391 1446 sed
409 1405 526 1462 quereus
543 1393 618 1443 tecta
636 1389 779 1460 cibumque
797 1390 893 1456 dabat,

175 1478 207 1531 ln
216 1493 326 1532 nemore
339 1480 421 1548 atque
433 1475 526 1541 antris,
540 1491 593 1529 non
606 1475 656 1529 sub
674 1475 739 1530 Ioue
756 1476 850 1530 iuncta
860 1479 997 1548 uoluptas.

211 1562 300 1617 Tanta
316 1562 377 1617 rudi
394 1561 496 1633 populo
515 1576 580 1614 eura
598 1562 710 1631 pudoris
728 1568 793 1617 erat.

129 1670 162 1709 ua
178 1650 217 1702 At
233 1662 307 1702 nunc
323 1648 463 1702 nocturnis
480 1648 574 1702 titulos
593 1647 747 1717 inponimus
765 1648 840 1713 actis,

213 1736 302 1805 Atque
321 1733 418 1789 emitur
435 1749 535 1802 magno
554 1733 591 1788 nil
609 1733 661 1789 nisi
679 1749 761 1805 posse
780 1733 861 1804 loqui.

178 1820 289 1875 Scilicet
307 1820 427 1875 excuties
446 1820 533 1874 omnis
551 1819 714 1891 ubicumque
732 1820 845 1890 puellas,

211 1904 329 1961 Cuilibet
345 1908 376 1960 ut
394 1905 469 1960 dicas
488 1906 564 1959 ‘haec
582 1920 691 1975 quoque
708 1910 802 1960 nostra
819 1905 895 1961 fuit’?

180 1991 221 2046 de
240 1991 336 2057 desint,
356 1995 473 2061 questu
492 1990 583 2059 digitis
603 1990 746 2045 ostendere
763 1992 862 2062 possis,

131 2099 163 2138 am
212 2076 249 2131 Vt
267 2092 403 2147 quamque
422 2075 552 2146 attigeris,
571 2075 665 2130 fabula
681 2077 769 2147 turpis
788 2077 854 2131 erit?

180 2163 270 2216 Perua
288 2177 394 2231 queror.
412 2163 518 2231 lingunt
535 2162 653 2232 quidam,
673 2178 743 2233 quae
760 2179 826 2217 uera
844 2165 980 2238 negarent,

213 2247 251 2302 Et
268 2247 333 2301 nulli
353 2264 407 2302 uon
425 2263 455 2302 se
473 2248 653 2303 concubuisse
671 2249 768 2303 lerunt.

177 2333 301 2402 Corpora
319 2333 342 2388 si
360 2337 507 2404 nequeunt,
526 2349 597 2404 quae
608 2338 732 2403 possunt,
751 2335 860 2388 nomina
871 2336 996 2401 tractant,

212 2418 352 2488 Famaque
370 2421 434 2474 non*
441 2422 517 2474 tacto
535 2435 649 2489 corpore
667 2419 767 2474 crimen
785 2419 875 2476 habet.

133 2505 188 2563 usl
207 2520 289 2570 nnnc,
306 2504 402 2560 claude
420 2504 500 2572 iores,
520 2507 613 2560 custos
631 2505 726 2560 odiose
743 2505 862 2576 puellae,

212 2590 248 2645 Et
267 2593 374 2644 centum
393 2590 468 2645 duris
486 2591 612 2660 postibus
630 2591 700 2646 obde
718 2608 800 2646 seras.

178 2676 319 2743 erid'tuti
338 2681 469 2746 superest,
489 2691 549 2730 cum
568 2676 685 2732 nominis
704 2680 778 2730 extat
796 2676 913 2742 adulter,

213 2762 250 2816 Et
268 2762 350 2828 credi,
369 2763 443 2833 quod
461 2778 515 2816 non
534 2762 649 2830 contigit
666 2777 735 2827 esse,
754 2762 847 2832 cupit?

180 2848 236 2902 Nos
256 2847 337 2903 etiam
355 2863 435 2902 ueros
452 2862 535 2917 parce
551 2848 709 2917 profitemur·
727 2863 845 2917 amores,

134 2954 165 2994 ao
213 2934 353 3003 Tectaque
371 2937 436 2988 sunt
453 2931 541 2987 solida
558 2933 674 3004 mystica
691 2933 764 2987 furta
780 2932 842 2987 fide.
