2375 3575
230 448 263 500 ’18
514 471 561 505 nus
574 471 715 505 mancum.

230 600 351 655 Pertinet
368 600 404 654 ad
421 600 519 655 faciem
537 599 648 655 rabidos
666 616 842 671 compescere
858 617 955 657 mores.

265 685 390 740 Candida
406 701 461 754 pax
479 685 610 751 homines,
628 689 691 739 tux
708 686 788 740 decet
804 686 847 740 ira
863 686 945 743 ieras.

231 770 286 825 Ora
302 774 409 825 tument
426 770 475 824 ira.
493 771 651 841 nigrescunt
669 771 804 841 sanguine
821 787 917 827 uenae.

265 855 381 910 Lumina
398 856 542 924 Gorgoneo
561 856 674 911 saeuius
691 856 754 925 igne
771 857 881 912 micant

180 941 251 996 5551
270 942 365 1011 procul
383 941 463 1007 hinc‚'
481 942 550 997 dixit
567 947 629 996 ‘non
648 958 678 997 es
696 942 770 1008 mihi,
788 942 863 1009 tibia,
881 943 967 1010 tanti,

266 1026 300 1081 Vt
318 1026 386 1081 uidit
403 1026 495 1082 uultus
514 1026 603 1082 Pallas
621 1027 649 1081 in
668 1044 747 1082 amne
765 1043 840 1083 suos

231 1112 285 1166 Vos
304 1128 413 1182 qnoque
431 1112 455 1166 si
473 1112 562 1166 media
579 1112 720 1182 speculum
738 1114 870 1183 spectetis
887 1115 917 1169 in
933 1116 982 1180 irs,
1001 1119 1007 1136 ’

266 1197 421 1267 Cognoscat
438 1197 536 1251 faciem
554 1198 601 1251 uix
618 1198 687 1253 satis
704 1197 761 1253 ulla
778 1216 865 1254 suam.

231 1282 287 1336 Nec
305 1282 393 1337 minus
411 1282 439 1335 in
457 1282 534 1337 uultu
552 1284 686 1338 damnosa
703 1284 832 1353 superbia
849 1290 951 1341 uestro.

182 1380 218 1418 555
268 1368 395 1423 Comibus
414 1373 457 1422 est
474 1368 560 1423 oculis
578 1368 737 1424 alliciendus
755 1386 839 1424 amor.

233 1453 346 1508 Odimus
362 1453 514 1508 inmodicos
532 1486 566 1493 -
584 1459 696 1523 experto
715 1455 829 1510 credite!
849 1487 880 1495 -
899 1456 992 1513 fastus.

267 1542 355 1608 Saepe
372 1543 466 1593 tacens
484 1539 539 1594 odii
558 1540 663 1594 semina
682 1540 773 1595 uultus
790 1541 882 1597 habet

232 1624 407 1693 Spectantem
424 1628 528 1694 specta.
546 1625 647 1679 ridenti
665 1625 757 1680 mollia
774 1626 839 1680 ride.

266 1710 370 1775 lnnuet,
388 1719 516 1779 acceptae
533 1713 564 1764 tu
582 1726 692 1782 quoque
709 1711 793 1765 redde
811 1715 899 1767 notas.

181 1811 219 1849 555
232 1795 277 1850 Sic
295 1796 340 1852 ubi
358 1797 480 1866 prolusit
499 1796 612 1852 rudibus
630 1813 698 1866 puer
715 1797 760 1855 ille
777 1797 878 1853 relictis

266 1881 377 1951 Spicula
394 1882 428 1936 de
446 1881 574 1951 pharetra
591 1883 691 1951 promit
708 1887 789 1937 acuta
806 1899 865 1938 sua

232 1967 345 2022 Odimus
363 1971 391 2021 et
409 1971 536 2022 maestas.
555 1967 730 2022 Tecmessam
748 1968 845 2037 diligat
861 1968 939 2034 Aiax,

267 2053 320 2107 Nos
338 2052 451 2106 hilarem
468 2053 599 2122 populum
617 2053 719 2108 femina
735 2053 809 2108 laeta
826 2054 909 2124 capit

231 2139 383 2208 Numquam
397 2153 447 2206 ego
459 2142 494 2202 te,
507 2139 705 2205 Andromache,
719 2156 769 2194 nec
781 2142 815 2204 te,
835 2139 988 2206 Tecmessg
1005 2154 1042 2193 ro

181 2235 218 2276 eae
268 2225 300 2278 Vt
318 2240 379 2277 mea
396 2224 430 2277 de
448 2224 526 2278 uobis
544 2224 630 2278 altera
648 2225 736 2279 amica
752 2225 829 2279 foret
941 2227 1043 2295 [garem

232 2311 348 2365 Credere
367 2310 412 2363 uix
431 2310 531 2374 uideor,
551 2325 612 2363 cum
630 2326 713 2379 cogar
730 2310 839 2364 credere
856 2314 950 2380 partu,

266 2394 320 2448 Vos
339 2411 390 2465 ego
408 2411 468 2449 cum
487 2396 585 2450 uestris
604 2396 783 2450 concubuisse
800 2395 874 2450 uiris.

232 2478 341 2535 Scilicet
358 2481 433 2535 Aiaci
452 2481 547 2535 mulier
566 2481 746 2536 maestissima
764 2480 831 2534 dixit

267 2565 333 2619 ‘Lux
350 2566 419 2620 mea’
437 2581 562 2637 quaeque
580 2566 670 2622 solent
687 2567 771 2622 uerba
787 2566 882 2620 iuuare
900 2567 991 2622 nuos?

182 2661 219 2701 555
233 2651 299 2718 Quis
318 2655 428 2706 notata
446 2653 551 2722 magnis
569 2652 667 2707 adres
685 2651 809 2722 exempla
826 2651 946 2707 minores

267 2736 378 2790 Sumere
396 2752 447 2790 nec
464 2753 562 2791 nornen
579 2737 754 2806 pertimuisse
770 2736 865 2792 ducis?

231 2821 293 2875 Dux
310 2822 399 2877 bonus
416 2822 480 2876 hnic
497 2826 604 2876 centurn
625 2821 759 2877 commisit
775 2822 831 2877 uite
847 2822 992 2891 regendos,

266 2905 337 2960 Huic
354 2907 466 2976 equites,
484 2907 522 2961 1111
540 2908 620 2977 signa
637 2908 739 2963 tuenda
756 2907 836 2962 dedit
