2375 3575
231 455 279 508 160
555 475 666 510 errones.

572 589 642 654 VII.

229 675 301 743 Ergo
320 673 454 729 sufficiam
471 690 534 728 reus
551 673 579 727 in
598 689 671 728 noua
689 672 800 727 crimina
818 673 949 743 semper?

265 760 299 813 Vt
315 760 436 824 uincam,
455 759 555 812 totiens
574 757 733 812 dimicuisse
751 758 833 826 piget.

231 846 295 900 Siue
314 861 364 915 ego
384 843 525 898 marmorei
545 842 652 913 respexi
670 860 776 897 summa
793 843 907 908 theatri,
927 905 933 917 .

263 929 350 998 Eligis
368 946 383 983 e
400 928 505 994 multis,
526 928 597 982 unde
617 928 708 982 dolere
726 927 803 982 uelis.

205 1015 353 1070 oGundida
371 1013 522 1077 sentacito
540 1013 610 1066 uidit
627 1029 669 1066 me
687 1013 789 1067 semina
807 1013 898 1078 uultu,

263 1100 293 1154 ln
312 1099 388 1153 uultu
406 1099 505 1152 tacitas
524 1098 616 1167 arguis
635 1114 695 1153 esse
714 1101 802 1152 notas.

230 1184 341 1255 Siquam
360 1183 483 1249 laudaui,
503 1183 602 1238 misero
620 1184 691 1253 petis
710 1199 800 1252 ungue
819 1183 950 1254 capidona,

265 1271 292 1326 Si
312 1270 405 1340 culpo,
425 1269 525 1323 crimen
544 1267 715 1323 dissimulare
733 1273 824 1338 putas.

232 1355 296 1410 Sine
314 1356 402 1410 bonus
421 1354 495 1408 color
512 1358 568 1420 est,
585 1354 613 1407 in
631 1357 659 1407 te
678 1369 787 1423 quoque
805 1353 924 1423 frigidus
943 1371 1013 1419 esse,

194 1449 218 1488 10
267 1439 319 1494 Seu
339 1439 439 1505 malus,
459 1438 570 1492 alterius
590 1439 666 1492 dicor
683 1455 775 1493 amore
794 1439 869 1492 mori.

231 1528 321 1595 Atque
339 1540 390 1594 ego
408 1524 516 1596 peccati
535 1524 630 1578 uellem
649 1523 714 1577 mihi
732 1525 859 1580 conscius
878 1541 978 1580 essem.

265 1612 360 1680 Aequo
379 1610 469 1664 animo
487 1626 617 1680 poenam,
637 1609 683 1678 qui
702 1625 835 1675 meruere,
854 1610 956 1664 ferunt.

230 1696 307 1749 Nunc
324 1701 426 1749 temere
443 1693 584 1749 insimulas
604 1694 794 1764 credendoque
812 1695 904 1750 omnia
922 1696 1026 1751 frustra

265 1781 330 1850 Ipsa
347 1783 426 1835 netas
443 1780 513 1834 iram
531 1779 640 1851 pondus
659 1779 760 1835 habere
778 1786 863 1835 tuam.

196 1874 219 1911 1⁵
232 1866 344 1936 Aspice,
363 1870 394 1920 ut
412 1866 515 1920 auritus
534 1865 704 1921 miserandae
722 1866 804 1921 sortis
823 1866 925 1922 asellus

268 1951 389 2005 Adsiduo
408 1950 527 2005 domitus
546 1951 657 2006 uerbere
675 1950 765 2006 lentus
783 1954 835 2005 eat.

231 2037 313 2101 Ecce,
333 2052 432 2090 nonum
452 2036 565 2102 crimen,
584 2035 679 2090 sollers
698 2052 794 2090 ornare
813 2036 946 2109 Cypassis

267 2122 389 2177 Obicitur
407 2121 533 2176 dominae
551 2125 754 2176 contemerasse
773 2126 871 2175 torum.

165 2263 168 2266 .
232 2207 266 2261 Di
285 2206 388 2273 melius,
407 2222 488 2276 quarn
507 2222 557 2272 me,
577 2206 601 2261 si
619 2206 656 2261 sit
673 2206 918 2275 peccasselibido,

195 2296 220 2337 ²0
269 2292 385 2349 Sordida
402 2296 575 2362 contemptae
593 2292 676 2346 sortis
694 2293 782 2346 amica
800 2292 889 2345 iuuet!

233 2378 300 2446 Quis
320 2378 425 2432 ueneris
443 2376 561 2432 famulae
580 2377 698 2431 conubia
714 2375 782 2431 liber
799 2376 867 2431 inire

267 2462 410 2533 Tergaque
427 2462 562 2533 conplecti
581 2463 693 2517 uerbere
711 2468 788 2517 secta
806 2462 889 2517 ueldl

232 2548 310 2602 Adde
328 2548 402 2617 quod
421 2547 549 2603 ornandis
567 2547 642 2624 illast
658 2551 773 2617 operata
790 2547 908 2617 capillis,

267 2633 303 2686 Et
320 2632 369 2688 tibi
387 2634 563 2703 perdoctaest
579 2636 659 2701 grata
675 2632 800 2687 ministra
811 2649 917 2687 manus.

196 2722 221 2762 ²⁵
236 2717 347 2772 Scilicet
364 2718 502 2784 ancillam,
521 2734 592 2787 quae
610 2724 667 2772 tam
684 2717 733 2772 tibi
751 2717 817 2783 fida,
836 2718 980 2787 rogarem?

270 2802 353 2869 Quid,
372 2803 423 2858 uisi
442 2806 473 2857 ut
491 2796 591 2857 indicio
610 2802 703 2856 innota
721 2803 830 2871 repulsa
848 2802 936 2857 foret?

235 2886 286 2941 Per
306 2885 436 2942 Venerem
452 2888 512 2942 iuro
529 2887 661 2957 puerique
680 2886 799 2942 uolatilis
817 2903 896 2941 arcus

265 2971 310 3028 Me
326 2987 382 3028 non
400 2972 515 3029 admissi
532 2971 651 3027 oriminis
669 2987 731 3026 esse
749 2988 832 3026 reum.
