2375 3575
471 495 517 528 nus
532 495 669 529 sunnonis.
916 472 951 524 59

129 640 167 680 aas
182 625 238 680 Sed
257 640 345 695 neque
363 626 393 678 tu
412 624 547 679 dominam
566 623 634 678 uelis
652 624 798 680 maioribus
816 638 882 679 usus

215 710 326 776 Desine,
345 725 396 764 neo
414 726 509 765 cursus
529 712 592 764 autc
611 713 656 764 eat
673 709 719 765 ilia
736 713 807 764 tuos,

181 796 224 850 Ad
243 798 343 850 metam
361 799 506 866 properate
524 795 612 850 simui.
628 799 686 850 tum
705 796 786 866 plena
803 796 945 867 uoluptas,

216 880 285 935 Cum
302 882 404 951 pariter
421 880 488 935 uicti
506 881 607 936 femina
624 880 720 952 uirque
738 881 835 935 iacent.

180 966 233 1021 Hic
250 966 301 1022 tibi
316 967 468 1022 uersandus
486 970 563 1021 tenor
581 971 631 1032 est
651 983 710 1020 cum
729 965 812 1022 libera
830 966 928 1021 dautur

129 1067 167 1106 rao
216 1052 288 1118 Otia,
306 1052 434 1106 furtiuum
453 1068 503 1107 nee
520 1052 601 1105 timor
618 1057 716 1120 urguet
733 1068 811 1121 opus.

181 1138 250 1192 (ium
268 1153 344 1192 mora
361 1154 416 1192 non
433 1140 527 1203 intest,
546 1137 612 1192 totis
630 1136 783 1192 incumbere
800 1137 881 1192 remis

215 1222 286 1276 Vtile
305 1226 332 1276 et
349 1223 469 1277 admisso
487 1223 602 1277 subdere
621 1222 709 1277 calcar
726 1238 805 1293 equo.

181 1308 256 1363 Finis
274 1307 354 1362 adest
371 1310 454 1378 operi.
473 1309 591 1378 palmam
610 1308 680 1373 date,
699 1311 778 1378 grata
795 1308 933 1373 iuuentus,

215 1393 349 1464 Sertaque
367 1395 498 1448 odoratae
516 1397 621 1465 myrtea
638 1393 707 1448 ferte
726 1409 828 1448 comae.

130 1493 167 1532 ms
180 1478 306 1546 Quantus
323 1478 397 1549 apud
413 1478 525 1534 Danaos
543 1478 694 1533 Podalirius
712 1483 770 1533 arte
788 1478 926 1543 medendi,

213 1564 348 1619 Aeacides
366 1564 468 1629 dextro,
487 1568 598 1634 pectore
617 1564 713 1619 Nestor
731 1568 796 1630 erat,

178 1649 305 1718 Quantus
323 1653 382 1704 erat
399 1648 515 1705 Calchas
534 1650 611 1715 extis,
631 1649 803 1704 Telamonius
823 1648 913 1715 armis,

213 1735 384 1790 Automedon
405 1751 491 1802 curru,
510 1738 604 1791 tantus
623 1738 727 1791 amator
745 1751 803 1805 ego.

178 1821 330 1876 Menatem
349 1821 491 1886 celebrate,
508 1821 567 1887 uiri,
587 1821 651 1875 mihi
671 1821 751 1876 dicite
768 1821 872 1887 laudes,

130 1920 165 1959 uo
214 1906 344 1963 Cantetur
361 1911 420 1961 toto
438 1923 535 1961 nomen
552 1906 580 1961 in
599 1907 664 1962 orbe
681 1923 778 1962 meuur.

181 1995 265 2047 Arma
282 1992 343 2047 dedi
362 1992 448 2047 uobis.
468 1993 581 2047 dederat
598 1992 734 2047 Vulcanus
753 1992 861 2047 Achilli.

212 2077 317 2133 Vincite
334 2077 497 2142 muneribus,
516 2078 582 2132 uicit
601 2082 631 2133 ut
648 2078 699 2145 ille,
719 2079 798 2134 datis.

179 2163 234 2217 Sed
252 2164 416 2234 quicumque
434 2179 494 2218 meo
512 2164 648 2234 superarit
665 2166 803 2219 Amazona
820 2165 905 2230 ferro,

213 2249 348 2304 Inscribat
365 2249 459 2318 spoliis
479 2249 558 2304 ‘Naso
577 2249 707 2320 magister
725 2251 800 2303 erat’

132 2350 165 2388 aas
179 2335 259 2400 Ecce,
277 2338 376 2403 rogant
392 2337 502 2390 tenerae
520 2335 571 2390 sibi
590 2335 650 2389 dem
668 2339 815 2405 praecepta
833 2333 948 2406 puellae.
998 2349 1022 2384 ⁸.

212 2420 270 2475 Vos
288 2419 363 2474 eritis
382 2419 492 2474 chartae
510 2421 633 2491 proxima
651 2436 717 2475 cura
734 2437 818 2475 meae.
