2375 3575
241 461 289 515 102
503 485 623 519 nannum
637 485 739 518 auoars.

238 616 314 670 Nunc
332 614 380 669 tibi
400 629 472 684 quae
489 613 578 667 medio
596 613 704 668 ueneris
722 617 895 683 praestemus
911 613 941 668 in
959 631 1023 680 usu,

272 701 400 770 Eloquar.
418 715 453 753 ex
471 699 571 752 omuist
588 703 668 768 parte
685 698 824 766 fugandus
843 714 929 754 amor.

238 785 323 840 Multa
341 784 451 855 quidem
469 783 572 838 exiliis
590 783 680 853 pudor
698 788 741 838 est
758 783 823 837 mihi
840 783 939 843 dicere.
966 785 1017 840 sed
1032 791 1057 840 tu

185 881 223 920 seo
271 870 383 940 iugenio
402 869 492 924 uerbis
510 868 624 938 concipe
642 867 722 937 plura
740 868 816 923 meis.

236 955 328 1024 Nuper
345 954 417 1008 enim
436 958 545 1008 nostros
565 953 677 1023 quidam
696 969 823 1023 carpsere
840 953 960 1020 libellos,

271 1041 393 1108 Quorum
411 1055 528 1093 censura
545 1039 624 1093 Musa
641 1043 771 1108 proterua
790 1043 885 1093 meast.

238 1125 391 1179 Dummodo
410 1124 449 1178 sic
468 1123 604 1192 placeam,
624 1123 688 1176 dum
706 1127 765 1177 toto
783 1127 877 1179 canter
895 1125 924 1179 in
942 1125 1021 1191 orhe,

271 1210 350 1278 Quod
369 1208 443 1263 uolet
460 1209 613 1278 inpugnant
632 1225 701 1263 uuus
721 1213 749 1263 et
767 1208 836 1264 alter
853 1225 934 1280 opus.

187 1305 225 1344 eea
239 1295 381 1365 Ingenium
400 1293 492 1362 magui
509 1291 579 1347 liuor
597 1294 732 1348 detractat
748 1294 869 1349 Homeri.

272 1379 403 1449 Quisquis
422 1395 464 1442 es,
484 1378 592 1443 exilio,
612 1378 697 1443 Zoile,
717 1395 816 1433 nomen
833 1379 929 1435 habea

237 1467 273 1520 Et
290 1470 339 1518 tua
357 1465 508 1535 sacrilegae
525 1463 663 1519 laniarunt
681 1465 802 1519 carmina
818 1464 943 1533 liuguae,

274 1551 387 1606 Pertulit
404 1552 456 1605 huc
474 1550 562 1604 uictos
582 1565 637 1619 quo
656 1550 724 1604 duce
742 1549 824 1604 Troia
842 1550 918 1604 deos.

239 1638 351 1692 Summa
368 1635 438 1704 petit
456 1636 533 1689 liuor.
551 1635 669 1703 p'erllaut
687 1635 820 1690 altissima
838 1635 921 1690 uenh.

188 1731 226 1770 aro
275 1721 387 1775 Summa
404 1724 503 1791 petunt
520 1721 616 1774 dextra
632 1719 747 1774 fulmina
766 1720 849 1774 missa
866 1720 951 1774 Iouis.

239 1809 276 1862 At
292 1813 335 1872 tu,
355 1808 518 1877 quicumque
537 1822 579 1865 es,
601 1822 681 1876 quem
699 1811 794 1861 nostra
810 1806 923 1861 licentia
940 1805 1037 1872 laedit,

274 1893 302 1948 si
321 1892 409 1961 sapis,
429 1893 464 1945 ad
482 1908 609 1946 numeros
628 1892 706 1960 exige
725 1892 844 1961 quidque
861 1907 938 1946 suos.

238 1979 332 2032 Fortia
350 1977 474 2032 Maeonio
492 1979 612 2047 gaudent
631 1977 700 2046 pede
718 1976 790 2032 bella
807 1976 911 2031 referri.

273 2063 385 2118 Deliciis
404 2062 458 2116 illic
477 2063 537 2133 quis
555 2062 633 2117 locus
653 2078 715 2117 esse
735 2062 847 2131 potest?

187 2157 225 2196 ³7⁵
240 2148 348 2204 Grande
368 2152 468 2203 sonant
485 2147 590 2215 tragici.
613 2147 732 2215 tragicos
752 2147 830 2202 decet
846 2148 889 2200 ira
907 2148 1056 2202 cothurnos

274 2233 372 2289 Vsibus
392 2250 407 2288 e
425 2233 521 2287 mediis
540 2248 638 2288 soccus
656 2232 798 2287 habendus
817 2233 875 2286 erit.

239 2320 363 2375 hiberin
383 2320 514 2374 aduersos
533 2319 628 2373 hostes
647 2318 797 2387 stringatur
815 2318 937 2384 iambus,

274 2404 328 2459 Seu
347 2406 431 2470 celer,
450 2408 599 2458 extremum
617 2419 665 2458 seu
683 2402 776 2457 trahat
793 2404 838 2458 ille
855 2405 963 2473 pedem.

241 2491 345 2545 Blanda
363 2491 534 2559 pharetratos
553 2488 656 2558 elegeia
674 2492 766 2543 cantet
785 2492 911 2555 Amores,

191 2581 228 2621 ³80
278 2576 312 2629 Et
330 2576 398 2630 leuis
417 2575 527 2630 arbitrio
545 2574 622 2629 ludat
640 2576 728 2629 amica
745 2591 803 2629 suo.

242 2661 400 2716 Callimachi
421 2660 538 2714 numeris
557 2676 612 2714 non
631 2666 674 2714 est
693 2660 824 2714 dicendus
843 2658 973 2715 Achilles.

276 2746 401 2816 Cydippe
421 2761 474 2799 uon
494 2750 536 2799 est
553 2746 623 2810 oris,
643 2746 770 2809 Homero,
789 2744 837 2798 tui.

242 2833 308 2900 Quis
327 2831 397 2885 feret
415 2830 618 2898 Andromaches
637 2836 813 2900 peragentem
831 2829 938 2885 Thaida
956 2835 1052 2902 partes

275 2918 388 2982 Pectat,
407 2917 436 2970 iu
454 2915 644 2969 Andromache
661 2915 767 2970 Thaida
785 2914 911 2986 quisquis
929 2921 1005 2985 agat.
