2375 3575
235 468 267 521 22
514 491 560 524 ans
574 490 713 528 andronii.

235 621 264 677 Si
282 637 336 675 non
354 620 469 691 accipiet
487 619 615 690 scriptum
633 620 815 691 inlectumque
833 621 966 689 remittet,

184 718 221 757 cro
268 705 410 760 Lecturam
430 722 509 776 spera
527 705 750 776 propositumque
768 711 838 760 tene.

235 790 367 862 Tempore
384 790 506 845 difficiles
524 791 637 845 ueniunt
655 791 690 845 ad
708 795 799 845 aratra
816 791 937 857 iuuenci,

268 876 399 948 Tempore
418 876 491 930 lenta
508 877 565 946 pati
583 876 659 930 frena
678 877 808 931 docentur
826 878 897 946 equi.

234 961 348 1016 Ferreus
366 961 480 1016 adsiduo
499 962 665 1016 consumitur
682 962 779 1016 anulus
798 978 858 1015 usu.

268 1045 362 1100 Interit
379 1046 494 1102 adsidua
511 1063 605 1100 nomer
623 1047 744 1101 aduncus
762 1046 853 1100 humo.

183 1142 220 1180 ln
235 1132 305 1199 Quid
323 1131 409 1200 magis
428 1136 470 1187 est
488 1149 553 1186 saxo
572 1133 680 1197 durum,
699 1132 763 1201 quid
782 1131 887 1185 mollius
906 1133 997 1187 unda?

267 1216 342 1271 Dura
359 1222 449 1271 tamen
468 1217 541 1271 molli
560 1234 627 1272 saxa
645 1220 777 1271 canantur
795 1233 875 1286 aqua.

233 1302 386 1373 Penelopen
403 1303 491 1372 ipsam
504 1334 536 1341 -
554 1306 647 1373 persta
665 1301 745 1356 modo
759 1334 790 1340 -
808 1305 932 1371 tempore
952 1303 1043 1357 uinces

268 1379 356 1459 Capta¹
372 1388 450 1442 uides
469 1404 529 1442 sero
548 1388 692 1456 Pergama,
712 1390 792 1457 capta
810 1391 909 1441 tamen.

234 1472 341 1543 Legerit
359 1476 386 1527 et
402 1473 471 1527 nolit
487 1474 652 1528 rescribere?
671 1488 767 1541 cogere
785 1472 847 1526 noli.

183 1567 221 1605 4⁸0
268 1557 309 1611 Tu
327 1558 407 1612 modo
424 1558 569 1613 blanditias
588 1559 632 1613 fac
650 1559 723 1627 legat
741 1574 827 1627 usque
844 1561 915 1612 tuas.

235 1643 309 1710 Quae
327 1643 413 1698 uoluit
430 1643 539 1713 legisse,
559 1644 633 1698 uolet
649 1643 796 1698 rescribere
813 1643 898 1697 lectis.

268 1728 318 1783 Per
336 1745 461 1784 numeros
481 1731 589 1784 uenient
606 1730 658 1784 ista
675 1729 831 1800 gradusque
849 1745 923 1783 suos.
981 1747 984 1754 ·

234 1814 358 1869 Forsitan
378 1820 405 1869 et
422 1816 507 1886 primo
525 1816 617 1870 ueniet
632 1816 681 1870 tibi
699 1816 788 1869 littera
805 1814 903 1879 tristis,

268 1901 398 1972 Quaeque
416 1917 493 1970 roge,
512 1918 545 1955 ne
564 1918 593 1956 se
612 1901 769 1955 stollicitare
788 1900 864 1954 nolis.

183 1993 220 2032 485
235 1986 313 2053 Quod
323 1992 403 2056 rogat
414 1986 467 2052 illa,
480 1986 565 2041 timet.
578 1987 651 2056 qnod
660 2003 714 2040 non
724 1990 809 2054 rogat,
822 1989 907 2055 optat,
920 1987 1043 2042 utinstes

268 2071 425 2142 insequere,
445 2077 472 2126 et
489 2072 547 2126 uoti
565 2072 711 2143 postmodo
729 2087 840 2142 compos
859 2070 923 2125 eris.

234 2157 340 2212 Interea
359 2158 417 2212 siue
434 2158 481 2212 illa
497 2162 557 2212 toro
575 2157 703 2227 resupina
720 2158 833 2220 leretur,

268 2242 405 2298 Lecticam
423 2243 549 2298 dominae
567 2242 768 2298 dissimulanter
787 2241 838 2306 adi,

234 2327 307 2382 Neue
325 2328 423 2399 aliquis
445 2328 534 2384 uerbis
553 2328 663 2383 odiosas
682 2326 778 2382 offerat
796 2326 881 2391 auris,

183 2418 222 2459 rso
270 2413 356 2481 Quam
375 2416 454 2483 potes
473 2412 606 2482 ambiguis
625 2412 737 2467 callidus
756 2413 824 2467 abde
843 2412 932 2478 notis,

235 2497 289 2553 Seu
307 2499 422 2569 pedibus
441 2498 535 2553 uacuis
553 2498 589 2552 illi
610 2497 733 2568 spatiosa
750 2500 851 2551 teretur

268 2577 403 2648 Porticus,
420 2583 466 2638 hic
483 2583 572 2638 socias
590 2586 621 2636 tu
639 2598 747 2652 quoque
766 2582 846 2650 iunge
864 2600 966 2649 moras,

234 2667 270 2722 nt
287 2668 367 2722 modo
386 2667 535 2737 praecedas
552 2667 636 2722 facito
655 2667 735 2721 modo
752 2672 830 2736 terga
848 2669 985 2737 sequaris,

269 2752 304 2807 Et
322 2753 402 2807 modo
420 2751 533 2806 lestines
552 2757 579 2805 et
598 2753 677 2806 modo
695 2751 784 2806 lentus
804 2768 862 2817 eas,

184 2837 290 2893 ⁴9⁵Nec
306 2837 355 2893 tibi
373 2838 407 2892 de
425 2836 521 2890 mediis
540 2836 644 2906 aliquot
661 2837 775 2891 transire
794 2837 933 2893 columnas

269 2924 311 2981 Sit
327 2923 415 2994 pudor
432 2925 480 2976 aut
497 2920 574 2976 lateri
593 2922 767 2976 continuasse
784 2921 864 2976 latus.
