2375 3575
335 369 381 422 188
659 393 767 428 uuonan.

365 520 448 588 Quae,
467 521 532 591 quia
550 537 604 576 non
621 521 709 587 liceat,
728 538 783 576 non
800 519 875 587 facit,
892 520 939 575 illa
956 521 1031 575 facit.

305 622 316 657 5
330 606 365 660 Vt
382 607 436 661 iam
454 607 572 661 seruatis
590 607 660 662 bene
678 622 785 676 corpus,
805 606 930 660 adultera
946 622 1025 663 mens
1042 623 1069 662 es

364 691 419 746 Nec
437 691 574 756 custodiri,
594 691 622 745 ni
639 691 713 756 uelit,
732 691 779 746 illa
796 695 897 761 potest.

330 776 385 830 Nec
403 792 502 845 corpus
521 792 631 832 seruare
648 781 737 846 potes,
756 777 820 831 licet
838 776 929 830 omnia
947 776 1069 831 claudas.

365 861 497 916 Omnibus
515 863 632 916 exclusis
650 862 724 916 intus
743 861 850 916 adulter
869 861 927 915 erit.

298 953 302 963 '
331 946 380 1001 Oui
398 962 513 1016 peccare
531 946 607 1011 licet,
626 951 723 1016 peccat
740 947 837 1000 minos.
857 946 921 1015 ipsa
938 949 1065 1015 potestas

293 1046 316 1085 ro
364 1031 474 1086 Semina
491 1031 630 1101 nequitiae
647 1031 818 1100 languidiora
835 1031 909 1084 facit.

329 1117 430 1171 Desine
451 1148 478 1156 —
500 1117 580 1171 crede
598 1117 663 1171 mihi
682 1148 714 1156 —
733 1117 800 1170 uitia
818 1116 929 1171 inritare
948 1115 1069 1172 uetando

364 1201 501 1270 Obsequio
520 1199 615 1256 uinces
633 1203 724 1271 aptius
742 1201 789 1255 illa
806 1205 863 1255 tuo.

331 1285 389 1340 Vidi
408 1301 459 1354 ego
477 1302 564 1356 nuper
583 1303 682 1356 equum
701 1291 796 1340 contra
814 1301 866 1340 sua
882 1285 977 1339 uincla
993 1290 1069 1342 teuar

364 1371 416 1425 Ore
433 1370 577 1426 reluctanti
596 1371 716 1426 fulminis
734 1373 773 1426 ire
792 1371 882 1425 modo.

293 1472 315 1510 15
330 1457 467 1522 Constitit,
487 1464 516 1510 ut
532 1446 650 1526 primum
668 1472 815 1515 concessas
834 1456 921 1511 sensit
938 1455 1062 1511 habenas

362 1541 505 1612 Frenaque
522 1543 550 1595 in
569 1542 657 1596 effusa
674 1533 737 1596 laxa
754 1543 843 1595 iacere
860 1541 933 1596 iuba.

330 1627 443 1680 Nitimur
460 1629 488 1681 in
508 1628 621 1681 uetitum
641 1643 749 1696 semper
767 1628 946 1696 cupimusque
966 1631 1069 1694 negata,

363 1712 409 1768 Sic
426 1713 576 1767 interdictis
593 1713 717 1766 imminet
735 1727 816 1780 aeger
834 1713 921 1782 aquis.

329 1798 443 1853 Centum
461 1799 550 1853 fronte
568 1797 671 1862 oculos,
691 1803 799 1852 centum
818 1798 923 1852 ceruice
941 1797 1055 1867 gerebat

290 1898 315 1937 ‘ro
363 1879 460 1951 Argus.
479 1889 507 1937 et
525 1883 575 1937 hos
595 1899 664 1953 unus
684 1898 767 1952 saepe
784 1884 880 1938 fefellit
898 1886 990 1937 Amor.

329 1970 358 2022 ln
376 1968 525 2023 thalamum
543 1968 639 2022 Danae
657 1968 728 2032 ferro
747 1984 869 2037 saxoque
887 1984 1034 2038 perennem

362 2054 438 2122 Quae
456 2056 546 2108 fuerat
563 2054 641 2123 uirgo
659 2054 768 2119 tradita,
788 2058 874 2108 mater
891 2057 959 2108 erat.

328 2138 462 2208 Penelope
481 2139 589 2203 mansit,
609 2139 735 2209 quamuis
753 2139 869 2193 custode
887 2139 1010 2202 carebat,

361 2225 434 2278 lnter
451 2228 493 2278 tot
510 2225 622 2279 iuuenes
641 2225 802 2278 intemerata
819 2239 925 2294 procos:

289 2322 313 2362 25
328 2309 467 2379 Quidquid
485 2313 616 2373 seruatur,
636 2310 760 2379 cupimus
775 2310 873 2378 magis,
893 2310 1010 2380 ipsaque
1028 2310 1069 2364 fur

362 2395 434 2450 Cura
451 2399 541 2449 uocat.
561 2396 642 2464 pauci
661 2395 733 2465 quod
752 2395 817 2449 sinit
835 2397 903 2449 alter
922 2399 1024 2449 amant.

327 2480 381 2535 Nec
398 2480 468 2535 facie
486 2480 577 2549 placet
593 2479 640 2533 illa
659 2496 710 2534 sua
727 2480 776 2535 sed
794 2496 886 2535 amore
904 2480 1002 2535 mariti.

360 2564 457 2620 Nescio
476 2566 549 2636 quid,
569 2566 643 2636 quod
660 2569 689 2619 te
707 2566 821 2635 ceperit,
841 2581 902 2621 esse
921 2569 1028 2635 putant.

326 2649 385 2703 Non
403 2650 544 2719 probalit,
564 2666 646 2721 quarn
664 2650 707 2704 uir
725 2656 824 2717 seruat,
844 2652 894 2707 sed
911 2649 1069 2705 adulterae

288 2746 313 2786 ao
360 2734 423 2804 Ipse
441 2736 522 2789 timor
539 2736 657 2804 pretium
675 2752 788 2805 corpore
806 2737 895 2792 maius
912 2735 1003 2790 habet.

325 2820 468 2888 Indignere
487 2820 557 2884 licet,
576 2819 654 2873 iuuat
670 2820 835 2876 inconcessa
852 2822 990 2892 uoluptas.
