2375 3575
501 504 612 539 AMORES.

173 634 237 691 Sela
254 633 306 687 fnit
323 632 403 687 Crete
421 633 539 687 fecundo
557 632 653 687 fertilis
672 649 752 686 anno.

206 718 315 783 Omnia,
335 733 390 787 qua
407 717 508 771 tulerat
526 734 556 773 se
574 719 638 783 dea,
658 717 755 772 messis
773 720 838 772 erat.

172 805 235 873 lpse
252 802 329 857 locus
347 818 486 857 nemorum
506 803 623 857 canebat
640 802 763 871 frugibus
782 802 861 867 Idae,

135 893 160 936 ⁴⁰
205 888 241 943 Et
259 888 334 941 ferus
351 888 379 941 in
396 887 468 941 silea
485 888 557 941 farra
575 887 696 941 metebat
714 903 787 956 aper.

173 972 287 1043 Optauit
303 972 391 1026 Minos
409 971 512 1027 similes
530 971 582 1027 sibi
601 971 696 1039 legifer
715 988 810 1027 annes.

206 1058 350 1126 Optasset,
369 1056 475 1111 Generis
493 1055 591 1124 longus
611 1061 641 1110 ut
659 1061 733 1111 esset
751 1072 834 1110 amer.

173 1142 251 1211 Quod
269 1142 317 1196 tibi
336 1141 475 1196 secubitus
492 1141 598 1205 tristes,
618 1140 670 1195 dea
687 1141 772 1207 flaua,
790 1141 920 1207 inissent,

206 1226 267 1281 Hoc
285 1241 368 1296 cogor
385 1226 471 1281 sacris
490 1242 561 1280 nunc
580 1241 631 1294 ege
649 1225 719 1280 ierre
737 1226 799 1280 tuis.

138 1318 161 1359 ⁴⁵
173 1311 227 1367 Gur
245 1326 297 1379 ego
315 1310 366 1365 sim
384 1310 483 1376 tristis,
503 1327 565 1364 cum
582 1310 619 1365 sit
636 1311 686 1365 tibi
704 1315 770 1364 nata
787 1314 906 1380 reperta,

206 1396 357 1465 Regnaque
375 1411 457 1465 quam
476 1397 543 1449 luno
561 1399 635 1449 sorte
653 1396 756 1450 minere
773 1396 868 1464 regat?

173 1481 256 1536 Festa
273 1481 332 1535 dies
350 1480 535 1550 Veneremque
558 1484 640 1534 uocat
658 1489 810 1551 cantusque
827 1495 994 1549 merumque.

206 1565 283 1620 Haec
300 1566 379 1620 decet
397 1566 432 1619 ad
450 1566 575 1621 dominos
594 1582 706 1620 munera
723 1565 793 1621 ferre
812 1564 888 1620 dens.
917 1596 919 1602 ·

534 2027 591 2092 XI.

175 2159 260 2215 Multa
278 2159 379 2230 diutule
395 2161 453 2215 tnli.
473 2161 547 2216 uitiis
565 2161 698 2230 patientia
715 2160 823 2215 uictast.

209 2245 283 2300 Cede
301 2246 417 2314 fatigato
435 2251 556 2315 pectore,
575 2246 663 2314 turpis
682 2261 766 2300 amor.

175 2330 287 2385 Scilicet
304 2330 412 2385 adserui
431 2330 485 2384 iam
503 2347 546 2384 me
563 2330 676 2400 fugique
694 2335 819 2396 catenas,

208 2415 245 2469 Et
263 2430 334 2484 quae
353 2432 406 2469 nun
425 2416 523 2485 puduit
540 2415 611 2470 ierne
629 2414 725 2470 tulisse
743 2415 837 2485 pudet.

151 2499 298 2554 evicimus
315 2505 344 2553 et
362 2498 493 2554 domitum
511 2500 627 2570 pedibus
645 2493 782 2555 caleamus
800 2514 927 2554 amorem.

211 2584 348 2638 Venerunt
366 2585 449 2654 capiti
468 2601 570 2639 cornua
587 2602 650 2640 sera
667 2601 736 2640 meo.

176 2668 299 2723 Perterre
317 2670 433 2724 obdura!
455 2670 533 2725 dolor
550 2670 595 2724 hic
612 2671 661 2725 tibi
680 2669 800 2739 proderit
818 2669 898 2723 olim..

189 2797 192 2802 .
210 2753 300 2824 Saepe
317 2754 380 2808 tulit
397 2755 479 2809 lassis
498 2770 581 2810 sucus
599 2771 708 2809 amarus
726 2769 814 2824 opem.

176 2838 249 2907 Ergo
267 2854 319 2909 ego
337 2840 467 2906 sustinui,
484 2840 590 2896 ionibus
607 2845 663 2894 tam
681 2855 764 2908 saepe
781 2837 919 2908 repulsus,

138 2934 163 2972 ιο
210 2923 362 2993 Ingenuum
380 2925 449 2979 dura
466 2941 568 2994 ponere
586 2940 686 2994 corpus
704 2924 804 2978 humo?
