2375 3575
495 470 616 504 nannum
628 469 730 504 ruonrs.
951 445 999 517 103

177 613 217 652 ses
231 600 316 654 Thais
333 599 361 653 in
379 604 438 655 arte
455 603 552 655 meast.
570 598 686 653 lasciuia
702 597 788 652 libera
806 602 934 654 nostrast.

265 684 309 739 Nil
326 684 390 739 mihi
408 701 469 740 cum
487 684 565 738 uitta
585 683 669 738 Thais
687 684 715 737 in
733 688 791 738 arte
810 688 904 739 meast.

232 770 262 827 Si
281 786 342 824 mea
360 770 491 825 materiae
508 769 658 839 respondet
674 769 752 823 Musa
770 769 891 835 iocosae,

268 855 399 920 Vicimus,
418 858 445 909 et
462 853 525 909 falsi
543 853 663 909 oriminis
681 858 744 908 acta
761 858 844 909 reast.

231 940 376 1010 Rumpere,
394 939 464 995 liuor
482 940 559 994 edax.
577 954 705 1008 maguum
723 938 779 993 iaru
797 955 895 993 nomen
912 939 1054 995 habemus.

177 1041 219 1080 aas
267 1024 353 1080 Maius
371 1026 433 1091 erit,
452 1028 571 1090 tantum,
591 1040 645 1094 quo
664 1025 735 1093 pede
753 1025 854 1094 coepit,
873 1027 926 1079 eat

233 1110 289 1166 Sed
307 1110 418 1164 nimium
435 1126 575 1180 properas.
596 1110 686 1164 uiuam
704 1110 799 1173 modo,
817 1108 1026 1179 plura’dolebis.

267 1194 303 1249 Et
321 1194 431 1264 capient
447 1195 530 1249 animi
548 1195 668 1249 carmina
686 1194 772 1248 multa
790 1195 850 1249 mei.

233 1280 301 1335 Nam
319 1280 408 1344 iuuat,
427 1284 456 1334 et
473 1279 592 1334 studium
611 1280 701 1334 famae
720 1280 784 1333 mihi
804 1278 890 1333 creuit
906 1279 1018 1335 honore.

268 1364 404 1436 Principio
422 1364 486 1420 cliui
504 1370 597 1420 noster
615 1364 726 1419 anhelat
743 1381 839 1435 equus.

181 1465 221 1503 aas
235 1451 354 1505 'lautum
371 1467 402 1505 se
419 1450 498 1505 nobis
517 1450 586 1519 elegi
606 1450 704 1505 debere
721 1449 852 1515 fatemur,

269 1535 407 1603 Quantum
425 1535 543 1603 Vergilio
561 1534 652 1590 nobile
671 1536 752 1590 debet
770 1551 846 1604 epos.

234 1621 374 1676 Hactenus
391 1620 511 1675 inuidiae
528 1620 728 1690 respondimus.
748 1620 856 1675 attrahe
873 1620 934 1675 lora

237 1740 241 1745 -
269 1705 378 1760 Fortius
397 1709 424 1759 et
441 1720 509 1775 gyro
527 1721 616 1771 curre,
635 1711 729 1774 poeta,
749 1709 804 1759 tuo.

235 1791 308 1859 Ergo
326 1791 372 1846 ubi
391 1791 551 1847 concubitus
570 1796 685 1861 etopus
704 1792 829 1847 iuuenale
846 1795 970 1862 petetur,

181 1891 222 1929 400
269 1876 304 1930 Et
322 1893 406 1947 prope
424 1878 575 1946 promissae
592 1881 719 1946 tempora
737 1878 825 1932 noctis
843 1885 934 1943 crunt,

236 1961 395 2017 Gaudiano
413 1962 551 2028 dominae,
569 1962 650 2032 pleno
669 1963 692 2016 si
710 1967 822 2032 pectore
840 1979 944 2028 sumes,

270 2045 309 2100 Te
327 2047 449 2116 capiant,
468 2047 545 2102 ineas
564 2047 712 2120 quamlibet
730 2051 794 2103 aute
813 2048 901 2102 uelim.

236 2131 391 2199 Quamlibet
407 2132 545 2198 inuenies,
563 2133 592 2186 in
610 2149 666 2203 qua
683 2136 732 2187 tua
748 2134 836 2203 prima
854 2131 983 2202 uoluptas

270 2217 393 2272 Desinat.
411 2235 428 2272 a
445 2218 534 2288 prima
551 2219 673 2287 proxima
691 2218 782 2286 segnis
801 2220 859 2273 erit.

181 2315 222 2354 405
235 2301 396 2357 Sustentata
412 2319 499 2358 uenus
517 2303 681 2372 gratissima.
699 2303 800 2374 frigore
818 2303 903 2369 soles,

271 2387 334 2442 Sole
351 2388 447 2443 iuuant
464 2390 588 2453 umbrae,
607 2394 687 2457 grata
704 2389 736 2442 lit
753 2389 827 2443 unda
845 2388 899 2443 siti.

235 2473 272 2528 Et
288 2474 385 2544 pudet,
404 2479 432 2528 et
450 2474 547 2529 dicam.
567 2490 693 2528 uenerem
712 2490 821 2544 quoque
838 2474 921 2542 iunge
939 2473 1039 2542 figura,

270 2558 332 2626 Qua
348 2559 457 2614 minime
475 2560 549 2630 iungi
569 2575 706 2630 quamque
725 2561 821 2614 decere
838 2563 929 2628 putes.

235 2644 292 2699 Nec
308 2645 385 2700 labor
403 2645 544 2700 efficerest.
564 2661 641 2700 rarae
659 2644 710 2699 sibi
728 2661 795 2698 uera
811 2643 945 2708 latentur,

183 2741 222 2780 rro
270 2729 307 2783 Et
322 2729 390 2784 nihil
407 2734 461 2795 est,
480 2730 554 2800 quod
572 2746 603 2785 se
622 2730 781 2784 dedecuisse
799 2733 904 2798 putent.

235 2814 314 2869 Tunc
331 2815 414 2870 etiam
431 2815 511 2871 iubeo
530 2819 604 2870 totas
622 2815 727 2885 aperire
745 2814 881 2869 fenestras

270 2899 427 2970 Turpiaque
445 2900 566 2955 admisso
585 2900 704 2955 membra
723 2905 817 2954 notare
836 2898 887 2954 die.
