2375 3575
238 438 271 489 50
520 459 566 492 nus
580 459 720 494 suasores.

238 589 306 643 Tum
323 604 409 658 genus
427 588 573 643 humanum
592 588 658 643 solis
677 587 784 642 errabat
800 588 828 642 in
847 589 933 657 agris,

271 674 357 745 quue
374 690 464 729 merae
482 673 554 727 uires
572 676 601 727 et
618 673 684 727 rude
702 689 800 743 corpus
819 677 885 728 erat.

187 771 225 811 rte
239 760 314 815 Silua
331 760 428 815 domus
445 760 541 825 luerat,
559 759 636 813 cibus
654 759 744 824 herba,
764 759 864 814 cubilia
881 758 1005 827 frondes,

271 846 382 916 lamque
400 843 446 899 diu
464 843 528 899 nulli
546 844 671 914 cognitus
689 844 757 898 alter
775 849 841 899 erat.

237 931 341 986 Blanda
357 934 448 985 truces
466 930 570 984 animos
588 930 673 984 fertur
692 929 811 985 mollisse
829 930 967 1002 uoluptas.

272 1016 456 1072 Constiterant
473 1032 527 1069 uno
545 1015 646 1069 femina
666 1015 761 1085 uirque
778 1015 847 1070 loco.

237 1102 308 1170 Quid
325 1102 454 1166 iacerent,
472 1101 525 1172 ipsi
542 1099 616 1155 nullo
635 1100 753 1155 didicere
771 1101 909 1170 magistro.

185 1196 224 1236 4⁸0
271 1190 336 1243 Arte
353 1187 444 1241 Venus
462 1186 536 1241 nulla
553 1184 632 1240 dulce
651 1186 756 1256 peregit
773 1203 851 1257 opus.

237 1273 302 1329 Ales
319 1273 414 1338 habet,
433 1273 507 1343 quod
524 1275 605 1325 amet.
624 1288 686 1325 cum
698 1287 751 1341 quo
765 1288 817 1326 sua
834 1273 935 1341 gaudia
951 1273 1049 1344 iungat,

272 1358 380 1413 inuenit
395 1358 424 1412 in
443 1357 532 1411 media
549 1356 651 1411 femina
668 1357 752 1427 piscis
771 1374 852 1427 aqua.

238 1446 326 1499 (terna
342 1459 436 1515 parem
453 1442 583 1513 sequitur.
603 1459 715 1512 serpens
734 1448 861 1513 serpente
879 1448 997 1500 tenetur.

270 1530 371 1584 Haeret
388 1527 521 1584 adulterio
539 1545 600 1582 cum
618 1544 686 1582 cane
704 1544 774 1583 nexa
791 1529 878 1584 canis.⁴

186 1624 224 1661 ⁴8⁵
238 1615 322 1670 Laeta
338 1614 434 1670 salitur
452 1614 520 1669 ouis.
538 1618 617 1667 tauro
635 1628 744 1683 quoque
762 1614 835 1669 laeta
852 1614 1017 1672 iuuencast·

271 1700 393 1757 Sustinet
409 1700 567 1754 inmundum
586 1700 655 1754 sima
673 1698 778 1769 capella
795 1717 904 1755 marem.

236 1786 267 1841 ln
285 1786 369 1841 furias
388 1786 525 1855 agitantur
543 1802 631 1855 equae
648 1785 794 1855 spatioque
811 1773 920 1842 remota¹

271 1871 321 1926 Per
338 1870 399 1926 loca
416 1871 542 1926 diuiduos
560 1888 639 1925 amne
657 1878 786 1926 secuntur
804 1887 898 1941 equos.

239 1957 310 2026 Engo
328 1973 379 2026 age
397 1962 425 2012 et
442 1959 527 2011 iratae
546 1956 724 2011 medicamina
741 1956 822 2012 fortia
839 1959 949 2027 praebe.

186 2050 225 2088 49⁰
272 2043 321 2097 illa
338 2042 387 2097 feri
405 2043 525 2112 requiem
542 2041 602 2097 sola
619 2041 720 2097 doloris
738 2043 847 2098 habent.
902 2032 925 2087 4

238 2128 287 2183 illa
304 2127 479 2183 Machaonios
497 2132 628 2198 superant
645 2127 825 2182 medicamina
841 2145 933 2184 sucos.

271 2213 328 2278 His,
347 2213 392 2268 ubi
410 2213 540 2284 peccaris,
558 2212 743 2268 restituendus
763 2213 824 2268 eris.

236 2297 312 2354 Haec
329 2314 380 2368 ego
398 2316 459 2354 curn
476 2314 609 2364 canerem,
628 2299 718 2354 subito
736 2299 897 2355 manifestus
915 2300 1015 2371 Apollo

270 2384 355 2439 Mouit
371 2385 512 2439 inauratae
529 2384 628 2453 pollice
645 2384 690 2438 iila
707 2384 788 2455 lyrae.
932 2372 935 2379 “

127 2462 130 2467 ’
185 2477 224 2515 ⁴9⁵
236 2471 267 2525 ln
285 2470 408 2526 manibus
425 2469 525 2535 laurus,
544 2469 629 2524 sacris
646 2470 759 2526 inducta
775 2470 880 2541 capillis

270 2555 375 2610 Laurus
393 2558 459 2610 erat.
477 2560 555 2610 uates
573 2555 617 2610 ille
635 2555 769 2611 uidendus
787 2556 853 2625 agit.

239 2642 266 2696 Is
285 2641 348 2695 mihi
367 2641 478 2696 ‘lasciui'
497 2641 565 2695 dixit
583 2645 751 2711 ‘praeceptor
769 2641 888 2707 Amoris,

272 2725 332 2780 Duc
350 2741 400 2794 age
419 2725 566 2796 discipulos
584 2725 621 2780 ad
638 2742 699 2781 mea
716 2726 818 2797 templa
834 2731 910 2793 tuos,

238 2810 289 2866 Est
306 2811 352 2866 ubi
370 2811 507 2867 diuersum
524 2810 598 2866 lama
617 2811 752 2867 celebrata
769 2827 819 2882 per
836 2813 930 2869 orbem

188 2904 225 2942 ⁵⁰⁰
272 2896 385 2961 Littera,
405 2897 533 2966 cognosci
551 2913 621 2966 quae
639 2896 691 2952 sibi
709 2913 844 2968 quemque
861 2898 945 2954 iubet.

151 3026 203 3124 ἱ
