2375 3575
443 387 445 389 ·
515 386 625 422 unrocus.
907 340 953 416 119

186 515 239 570 1113
256 515 365 585 quidem
384 516 451 571 clam
470 533 513 571 mc
530 520 636 571 tantum
655 515 749 570 molita
766 516 857 585 pericli

222 601 267 655 lra
284 601 367 671 digna
383 619 451 656 mea.
472 601 520 656 sed
538 602 612 655 cadit
628 602 668 655 ira
687 605 766 656 metu.

162 686 244 742 ⁵Sed
262 690 352 741 tamen
371 692 419 741 aut
437 703 470 741 ex
488 703 530 742 me
548 690 719 757 conceperat,
739 692 786 741 aut
804 701 855 755 ego
872 685 962 740 credo.

223 770 274 826 Est
291 771 354 826 mihi
372 790 422 842 pro
440 772 513 827 facto
532 789 628 842 saepe,
648 772 722 842 quod
740 788 801 827 esse
819 775 918 841 potest.

187 856 238 919 lsi,
258 856 447 912 Paraetonium
465 857 636 928 genialiaque
654 874 721 912 arua
739 857 843 926 Canopi

223 942 299 1009 Quae
316 943 382 997 colis
401 948 428 997 et
444 943 580 1013 Memphin
598 942 821 1012 palmiferamque
839 941 946 996 Pharon

187 1026 303 1097 Quaque
322 1028 392 1082 celer
410 1027 485 1083 Nilus
503 1028 559 1082 laio
577 1029 707 1099 delapsus
726 1028 753 1082 in
773 1028 851 1081 alueo

150 1121 174 1163 10
223 1111 274 1166 Per
292 1117 396 1183 septem
415 1118 510 1183 portus
528 1115 555 1168 in
574 1115 656 1170 maris
674 1114 730 1169 exit
747 1129 846 1183 aquas,

187 1197 240 1252 Per
257 1202 306 1251 tua
323 1198 405 1253 sistra
422 1215 528 1268 precor,
548 1216 596 1270 per
614 1198 746 1255 Anubidis
765 1215 813 1252 ora
831 1196 954 1261 uerendi,

224 1282 270 1337 Sic
286 1286 335 1337 tua
352 1299 431 1338 sacra
448 1285 510 1354 pius
528 1301 635 1355 semper
654 1284 739 1340 Osiris
758 1287 841 1348 amet,

186 1367 323 1437 Pigraque
341 1367 449 1423 labatur
467 1370 539 1424 circa
557 1371 669 1425 donaria
688 1385 809 1439 serpens,

222 1454 259 1508 Et
276 1470 367 1509 comes
384 1454 412 1508 in
430 1472 532 1525 pompa
550 1456 674 1525 corniger
692 1455 760 1525 Apis
778 1459 830 1508 eat.

148 1549 173 1587 1⁵
185 1538 250 1593 Huc
267 1539 366 1594 adhibe
384 1540 476 1596 uultus
495 1545 523 1595 et
540 1541 567 1594 in
587 1558 643 1595 una
660 1556 742 1611 parce
761 1539 875 1594 duobus.

221 1624 290 1678 Nam
307 1624 393 1679 uitam
410 1625 535 1680 dominae
552 1631 582 1680 tn
601 1626 687 1692 dabis,
707 1626 754 1679 illa
772 1625 845 1679 mihi.

187 1709 278 1778 Saepe
294 1709 344 1765 tibi
362 1711 433 1765 sedit
450 1711 531 1765 certis
549 1714 664 1781 operata
682 1711 790 1776 diebus,

223 1795 284 1863 Qua
300 1796 381 1866 tingit
397 1795 489 1852 laurus
509 1796 613 1852 Gallica
630 1802 719 1852 turma
736 1802 807 1851 tuas.

189 1881 285 1951 Tuque
302 1881 457 1937 laborantes
476 1886 552 1937 utero
571 1883 700 1938 miserata
718 1882 836 1952 puellas,

147 1974 173 2014 2⁰
222 1967 343 2035 Quarum
359 1967 438 2022 tarda
454 1967 543 2023 lateus
561 1983 676 2037 corpora
692 1967 781 2021 tendit
799 1983 876 2032 onus,

187 2052 270 2108 benis
289 2052 354 2108 ades
372 2053 553 2123 precibusque
571 2053 638 2108 meis
656 2052 731 2119 faue,
751 2052 869 2123 Ilithyia.

222 2138 346 2208 Dignast„
366 2155 447 2209 quam
465 2139 559 2193 iubeas
577 2137 697 2193 muueris
715 2153 776 2192 esse
794 2137 842 2190 tui.

186 2224 251 2295 Ipse
269 2228 400 2292 egotura
418 2223 488 2279 dabo
506 2223 621 2278 fumosis
640 2223 772 2278 candidus
791 2223 852 2286 aris,

222 2310 285 2380 lpse
302 2307 387 2363 feram
405 2311 468 2363 ante
486 2313 550 2363 tuos
569 2324 681 2363 munera
700 2312 765 2363 uota
782 2307 878 2378 pedes.

146 2400 173 2441 2⁵
188 2395 311 2450 Adiciam
329 2394 437 2449 titulum
457 2399 575 2450 ‘seruata
591 2394 665 2448 Naso
684 2394 819 2448 Corinna?

222 2479 263 2535 Tu
282 2480 363 2535 modo
380 2479 425 2534 fac
441 2479 521 2534 titulo
539 2479 750 2549 muneribusque
767 2479 865 2533 locum.

187 2566 217 2621 Si
235 2565 371 2620 tamenin
389 2568 466 2619 tauto
484 2565 527 2619 ias
545 2567 588 2620 est
605 2565 744 2619 monuisse
760 2564 871 2629 timore,

222 2650 283 2706 Hac
299 2650 348 2705 tibi
366 2650 403 2706 sit
419 2665 512 2720 pugna
529 2649 687 2704 dimicuisse
705 2649 781 2704 satis.

471 2809 553 2816 —-
575 2809 674 2815 ...—
