2375 3575
347 465 380 517 38
628 486 675 520 nne
688 486 828 520 unaucurt.

347 616 404 669 Illic
422 615 538 670 Sithonii
556 615 665 669 fuerant
683 614 801 669 tentoria
819 613 911 669 Rhesi.

381 702 440 756 Hac
457 716 508 770 ego
527 718 586 755 sum
607 700 695 770 captis
713 704 793 755 nnete
812 705 937 754 reuectus
956 701 1050 769 equis!

348 787 482 857 Pluraque
500 786 642 856 pingebat,
662 786 767 840 subitus
787 801 847 838 cum
866 784 997 853 Pergama
1016 783 1069 838 linc

298 885 334 923 140
382 871 501 927 Abstulit
520 877 547 925 et
564 871 648 926 Rhesi
667 886 728 925 cum
746 870 815 924 duce
833 874 924 924 castra
942 885 1000 924 suo.

348 958 416 1011 Tum
434 957 487 1011 dea
505 958 591 1026 ‘quas'
610 956 698 1026 inquit
716 955 792 1009 ‘fidas
810 954 859 1010 tibi
877 953 965 1009 credis
983 954 1067 1019 ituro,

382 1042 551 1097 Perdiderint
570 1041 658 1095 undae
676 1040 786 1095 nomina
805 1042 918 1109 quanta,
938 1039 1043 1094 uides?

348 1129 421 1197 Ergo
439 1143 490 1196 age
515 1125 604 1181 fallaci
621 1125 715 1180 timide
734 1125 839 1179 confide
856 1125 972 1194 figurae,

384 1212 513 1283 Quisquis
533 1228 575 1275 es,
595 1216 644 1265 aut
662 1211 764 1281 aliquid
783 1226 895 1281 corpure
913 1210 999 1279 pluris
1018 1210 1069 1265 hab

299 1311 336 1349 145
351 1299 470 1352 Dextera
487 1300 634 1366 praecipue
653 1297 726 1366 capit
744 1295 912 1365 indulgentia
930 1300 1044 1351 mentes.

386 1382 526 1452 Asperitas
544 1382 636 1435 odium
655 1397 793 1450 saeuaque
811 1380 882 1436 bella
899 1385 998 1435 mouet.

351 1468 463 1523 Odimus
482 1466 650 1536 accipitrem,
671 1467 734 1537 quia
753 1467 821 1521 uiuit
839 1482 946 1535 semper
963 1467 991 1519 in
1009 1483 1069 1521 arm¹

384 1553 419 1607 Et
437 1552 566 1622 pauidum
585 1553 680 1607 solitos
699 1552 726 1606 in
745 1568 829 1621 pecus
848 1553 886 1606 ire
904 1552 991 1621 lupos.

351 1643 386 1693 At
404 1642 479 1693 caret
495 1637 602 1693 insidiis
621 1638 770 1700 huminum,
790 1638 855 1707 quia
872 1637 956 1703 mitis,
978 1637 1069 1692 1111111111Ι

301 1736 338 1775 111
386 1724 515 1795 Quasque
533 1723 606 1777 colat
622 1728 723 1788 turres,
744 1723 862 1777 Chaonis
881 1722 938 1778 ales
956 1723 1049 1779 habet.

352 1811 417 1865 Este
435 1809 541 1879 procul,
560 1809 622 1865 lites
641 1814 668 1863 et
687 1826 795 1864 amarae
814 1809 917 1879 proelia
935 1808 1051 1879 linguae.

386 1895 517 1950 Dulcibus
535 1899 578 1949 est
598 1895 686 1950 uerbis
706 1894 793 1950 mollis
812 1895 925 1949 alendus
943 1910 1027 1949 amor.

353 1983 411 2036 lite
429 1981 524 2051 fugent
542 1985 699 2051 nuptaeque
717 1980 791 2034 uiros
810 1985 964 2050 nuptasque
982 1979 1069 2034 mariti

385 2068 471 2138 Inqne
489 2067 576 2120 uicem
595 2066 707 2120 credant
725 2082 768 2120 res
787 2066 839 2121 sibi
859 2082 966 2135 semper
984 2066 1036 2134 agi.

304 2163 340 2201 1⁵⁵
354 2155 414 2208 Hoc
432 2154 511 2208 decet
528 2168 634 2205 uxeres.
655 2151 705 2205 dos
725 2156 766 2206 est
786 2151 880 2205 uxoria
898 2150 967 2205 lites.

387 2239 489 2293 Audiat
506 2241 616 2307 optatos
636 2253 742 2307 semper
761 2237 849 2291 amica
867 2252 958 2291 sonos.

353 2325 410 2378 Nun
429 2323 497 2394 legis
517 2324 593 2378 iussu
613 2323 712 2377 lectum
731 2322 845 2377 uenistis
863 2322 889 2375 in
909 2338 999 2375 unum.

387 2410 518 2479 Fungitur
535 2409 564 2463 in
582 2408 660 2464 uobis
679 2423 789 2462 munere
807 2406 874 2475 legis
893 2423 976 2461 amor.

356 2494 503 2550 Blanditias
522 2494 617 2550 molles
635 2510 781 2564 auremque
799 2493 921 2547 iuuantia
939 2494 1023 2548 uerba

303 2591 341 2631 ren
388 2579 483 2646 Adfer,
502 2584 533 2634 ut
551 2580 670 2634 aduentu
689 2579 761 2634 laeta
780 2579 816 2633 sit
832 2578 878 2632 illa
896 2583 951 2632 tuo.

354 2665 413 2720 Non
431 2682 482 2735 ego
500 2665 629 2721 diuitibus
648 2665 728 2719 uenio
745 2668 905 2734 praeceptor
923 2664 1040 2719 amandi.

389 2749 430 2804 Nil
448 2766 518 2820 opus
537 2755 580 2805 est
597 2750 647 2814 illi,
667 2752 712 2821 qui
731 2750 817 2814 dabit,
837 2754 895 2804 arte
915 2766 981 2804 mea.

356 2837 454 2890 Secum
465 2836 549 2891 habet
560 2836 705 2904 ingenium,
726 2837 784 2906 qui,
804 2851 864 2889 cum
882 2835 960 2901 libet,
980 2835 1069 2906 ‘accip

390 2921 525 2977 Oedimus.
547 2921 667 2976 inuentis
685 2921 746 2990 plus
765 2920 856 2991 placet
873 2919 917 2975 ille
935 2920 1011 2976 meis.
