2375 3575
493 469 540 503 ΑΕΒ
554 468 692 502 ΑΙΔΤΟΕΙΑ,

204 601 385 670 Reticuloque
403 600 475 669 pilae
492 591 575 654 leuoe'
586 598 735 652 fundantur
753 599 856 666 aperto,

240 686 304 750 Nec,
324 685 375 741 nisi
393 701 475 756 quam
493 684 581 750 tolles,
600 683 655 738 ulla
673 680 808 737 mouenda
824 680 915 750 pilast.

205 774 259 827 Est
274 787 362 841 genus
379 771 407 825 in
424 770 539 825 totidem
556 769 632 825 tenni
650 768 755 824 ratione
772 767 912 821 redactum

241 856 385 927 scriptula,
404 860 471 927 quot
488 872 596 911 menses
613 855 732 910 lubricus
750 868 837 908 annus
855 850 944 905 habet.

158 957 192 995 see
205 943 296 998 Perua
313 942 415 997 tabella
432 942 506 1011 capit
523 946 616 996 ternos
634 940 769 1010 utrimque
787 937 906 1008 lapillos,

240 1028 272 1081 ln
290 1044 345 1097 qua
362 1027 489 1083 uicissest
506 1028 680 1082 continuasse
699 1041 771 1079 suos.

205 1112 278 1167 llille
295 1113 401 1168 facesse
419 1114 506 1169 iocos!
525 1117 632 1182 turpest
651 1111 756 1167 nescire
773 1108 891 1179 puellam

242 1198 355 1253 Ludere.
373 1198 490 1252 ludendo
509 1213 593 1268 saepe
610 1201 721 1267 paratur
740 1212 823 1250 amor.

207 1284 262 1339 Sed
281 1284 407 1339 minimus
425 1284 501 1339 labor
518 1289 561 1338 est
579 1282 718 1353 sapienter
735 1282 850 1336 iactibus
869 1281 915 1335 uti.

160 1382 194 1422 ao
242 1369 330 1424 Maius
349 1386 418 1439 opus
438 1385 525 1425 mores
544 1368 732 1439 composuisse
750 1383 822 1422 suos.

168 1453 170 1456 ’
205 1456 277 1510 Turn
295 1471 388 1509 snmus
406 1455 507 1510 incauti
526 1455 672 1524 studioque
691 1453 826 1530 aperimur
844 1452 958 1521 inipso,

241 1540 374 1610 Nudaque
391 1557 440 1611 per
458 1540 535 1596 lusus
552 1543 665 1610 pectora
683 1542 777 1593 nostra
794 1543 896 1609 patent.

206 1628 250 1681 lra
268 1626 348 1690 subit
368 1626 488 1681 deforme
506 1625 614 1691 malum,
632 1625 755 1694 lucrique
772 1624 871 1693 cupido

243 1712 387 1782 Iurgiaque
405 1717 433 1766 et
449 1712 523 1766 rixae
542 1710 729 1780 sollicitusque
747 1710 829 1764 dolor.

158 1812 191 1851 us
207 1799 330 1854 Crimina
347 1799 484 1863 dicuntur,
504 1802 615 1853 resonat
632 1797 794 1852 clamoribus
813 1795 919 1859 aether,

242 1885 356 1939 lnuocat
372 1884 457 1939 iratos
475 1890 503 1938 et
521 1884 572 1938 sibi
590 1884 706 1954 quisque
725 1883 800 1937 deos.

207 2004 236 2010 -
253 1969 333 2024 Nulla
345 1969 413 2024 fides
430 1969 539 2025 tabulae
557 1999 583 2006 -
601 1984 671 2039 quae
685 1985 739 2023 non
753 1985 802 2038 per
811 1972 877 2023 uota
885 1966 1027 2036 petuntur!

244 2055 279 2109 Et
296 2054 413 2110 lacrimis
431 2055 487 2110 uidi
507 2071 590 2125 saepe
609 2054 717 2109 madere
736 2069 829 2122 genas.

207 2140 334 2211 luppiter
351 2158 368 2195 a
385 2141 464 2196 uobis
482 2147 536 2196 tani
556 2141 648 2210 turpia
666 2140 777 2194 crimina
794 2139 891 2209 pellat,

158 2240 191 2277 so
243 2226 274 2279 ln
293 2225 391 2295 quibus
410 2232 452 2280 est
469 2225 516 2280 ulli
535 2226 725 2296 ouraplacere
744 2225 810 2279 uiro.

204 2312 267 2366 Hos
284 2312 384 2380 ignaua
402 2312 477 2366 iocos
494 2312 588 2366 tribuit
606 2316 704 2366 natura
721 2310 825 2381 puellis.

242 2396 355 2451 Materia
372 2397 469 2451 ludunt
486 2398 609 2452 uberiore
626 2398 684 2452 uiri.

206 2483 279 2537 Sunt
295 2482 348 2538 illis
366 2482 521 2554 celeresque
540 2483 610 2552 pilae
629 2482 800 2553 iaculumque
817 2482 958 2550 trochique

241 2570 378 2639 Atmaque
397 2581 422 2623 et
440 2569 466 2622 in
484 2584 566 2641 gyros
584 2569 623 2623 ire
642 2572 753 2623 coactus
771 2584 866 2638 equus.

158 2665 191 2703 ⁸⁸⁵
207 2654 265 2709 Nec
282 2670 332 2710 uos
351 2670 463 2724 campus
481 2655 565 2710 habet
582 2671 633 2709 nec
651 2671 701 2709 uos
719 2653 887 2724 gelidissima
905 2652 991 2722 Virgo,

242 2739 297 2794 Nec
315 2738 422 2794 Tuscus
439 2740 548 2810 placida
566 2739 677 2794 deuehit
695 2739 782 2794 amnis
801 2755 880 2809 aqua.

206 2829 244 2881 At
262 2824 326 2880 licet
343 2829 371 2880 et
389 2827 502 2895 prodest
519 2825 663 2895 Pompeias
681 2826 720 2878 ire
737 2841 786 2894 per
804 2824 921 2888 umbras,

243 2911 360 2980 Virginis
378 2911 507 2967 aetheriis
525 2929 580 2982 qua
599 2915 682 2982 caput
700 2911 777 2966 ardet
796 2909 882 2980 cquis.
