2375 3575
718 369 784 420 64
1299 390 1393 425 ans
1420 391 1699 427 aun-oms.

644 586 650 592 ·
719 520 776 574 Si
810 519 916 575 fuit
950 519 1334 575 Andromache
1367 519 1584 576 tunicas
1618 520 1813 577 induta
1845 519 2130 590 ualentes,

617 628 691 666 110
787 605 928 674 Quid
963 605 1195 660 mirum?
1233 605 1354 660 duri
1389 605 1578 661 militis
1614 622 1751 661 uxor
1785 609 1919 661 erat.

719 691 938 747 Scilicet
970 691 1126 746 Aiaci
1162 691 1366 746 coniux
1401 695 1597 746 ornata
1631 692 1873 758 uenires,

785 777 885 832 Cui
921 780 1176 845 tegumen
1214 780 1426 846 septem
1460 781 1617 846 terga
1650 776 1802 832 fuere
1836 777 2042 832 boum?

718 861 1050 933 Simplicitas
1084 861 1237 916 rudis
1273 865 1402 917 ante
1436 861 1554 939 fuit,
1595 879 1738 918 nunc
1772 879 1941 918 aurea
1971 861 2137 919 Rom

784 948 855 1002 Et
891 947 1079 1003 domiti
1115 963 1345 1017 magnas
1380 947 1627 1018 possidet
1661 947 1809 1004 orbis
1844 963 1999 1019 opes.

615 1053 687 1092 115
714 1033 915 1104 Aspice
950 1048 1091 1103 quae
1127 1049 1272 1087 nunc
1307 1038 1437 1089 sunt
1468 1033 1740 1103 Capitolia
1773 1049 2029 1104 quaeque
2062 1033 2137 1089 fu«

783 1118 1019 1173 Alterius
1056 1118 1205 1173 dices
1240 1118 1334 1173 illa
1368 1118 1540 1175 fuisse
1575 1119 1739 1174 louis.

716 1204 880 1259 Curia
913 1190 1143 1260 concilio
1179 1220 1325 1259 nunc
1361 1208 1448 1260 est
1483 1204 1803 1274 dignissima
1836 1206 2014 1280 tanto.

783 1289 864 1344 De
900 1288 1098 1360 stipula
1132 1289 1292 1343 Tatio
1330 1305 1499 1359 regna
1533 1293 1756 1345 tenente
1790 1289 1908 1344 fuit.

716 1375 866 1442 Quae
902 1391 1046 1429 nunc
1082 1376 1184 1430 sub
1221 1374 1441 1430 Phoebo
1481 1376 1819 1447 ducibusque
1852 1374 2070 1431 Palatia
2104 1375 2137 1430 f1

615 1478 688 1517 120
785 1460 926 1528 Quid
962 1460 1065 1515 nisi
1101 1460 1334 1515 araturis
1371 1476 1581 1531 pascua
1616 1460 1791 1517 bubus
1829 1460 2020 1515 erant?

715 1545 899 1599 Prisca
934 1545 1122 1599 iuuent
1156 1544 1310 1600 alios.
1350 1561 1453 1614 ego
1488 1562 1574 1600 me
1609 1562 1753 1600 nunc
1788 1545 2024 1617 denique
2062 1563 2137 1601 113·

783 1630 1050 1686 Gratulor.
1087 1631 1225 1684 haec
1262 1636 1419 1687 aetas
1455 1631 1694 1687 moribus
1729 1635 1864 1701 apta
1897 1632 2053 1688 meis.

714 1716 831 1770 Non
866 1715 996 1785 quia
1029 1732 1174 1770 nunc
1210 1720 1385 1770 terrae
1420 1716 1625 1771 lentum
1660 1717 1980 1772 subducitur
2014 1735 2137 1774 auri

781 1801 1055 1872 Lectaque
1092 1801 1309 1857 diuerso
1346 1803 1526 1859 littore
1549 1804 1770 1859 concha
1802 1804 1979 1872 uenit,

616 1905 687 1943 125
714 1888 824 1942 Nec
860 1889 989 1958 quia
1024 1887 1345 1943 decrescunt
1383 1888 1583 1944 effosso
1617 1906 1885 1945 marmore
1918 1894 2137 1948 montes

782 1973 892 2028 Nec
929 1974 1056 2044 quia
1090 1973 1371 2029 caeruleae
1409 1974 1548 2029 mole
1583 1974 1843 2044 fugantur
1876 1990 2084 2045 aquae,

715 2058 822 2114 Sed
860 2060 988 2130 quia
1024 2058 1202 2114 cultus
1240 2060 1421 2126 adest,
1458 2076 1559 2115 nec
1596 2064 1815 2116 nostros
1850 2062 2053 2116 mansit
2087 2062 2137 2117 in

780 2145 1076 2200 Rusticitas
1112 2145 1307 2217 priscis
1342 2145 1436 2200 illa
1470 2151 1749 2217 superstes
1786 2147 1921 2202 auis.

718 2231 822 2286 Vos
861 2248 1077 2302 quoque
1113 2248 1222 2286 11011
1260 2232 1400 2288 caris
1437 2248 1596 2287 aures
1634 2235 1855 2286 onerate
1889 2231 2105 2302 lapillis,

614 2332 689 2372 130
785 2318 934 2386 Quos
969 2318 1103 2386 legit
1135 2318 1190 2371 in
1229 2317 1388 2372 uiridi
1427 2317 1645 2372 decolor
1680 2318 1846 2372 Indus
1884 2334 2045 2389 aqua,

712 2403 823 2458 Nec
857 2403 1071 2474 prodite
1106 2419 1305 2473 graues
1339 2403 1523 2458 insuto
1560 2404 1804 2459 uestibus
1842 2419 1990 2458 auro·

783 2489 882 2543 Per
919 2505 1056 2559 quas
1094 2506 1193 2543 nos
1230 2488 1429 2559 petitis,
1468 2506 1636 2559 saepe
1670 2489 1889 2557 fugatiS,
1928 2505 2080 2560 opes.

714 2573 992 2630 Munditiis
1027 2575 1287 2644 capimur.
1326 2590 1433 2629 non
1472 2574 1582 2629 sint
1616 2574 1733 2629 sine
1768 2574 1887 2643 lege
1924 2574 2127 2645 capilli.

784 2660 1049 2715 Admotae
1083 2661 1312 2714 formam
1349 2659 1589 2731 dantque
1625 2663 1935 2731 negantque
1968 2677 2137 2716 manu

614 2758 688 2797 135
713 2745 823 2800 Nec
858 2761 1030 2815 genus
1066 2749 1291 2800 ornatus
1327 2750 1561 2801 unumst.
1599 2746 1744 2815 quod
1781 2760 2053 2817 quamque
2090 2747 2137 2801 d«

783 2830 976 2898 Eligat,
1015 2834 1071 2884 et
1105 2830 1384 2899 speculum
1422 2830 1671 2885 consulat
1706 2835 1832 2885 ante
1869 2848 2044 2888 suum.
