2375 3575
227 456 274 509 136
553 479 664 515 annues.

225 610 292 663 (lum
311 614 337 663 te
357 608 483 662 deficient
501 607 632 677 poscendi
652 624 763 661 munera
781 624 890 672 causae,

260 692 381 748 Natalem
399 691 454 747 libo
473 692 620 747 testificare
638 698 724 746 tuum.

186 794 211 830 us
224 779 262 832 Ne
280 794 393 833 securus
411 782 484 832 amet
502 777 574 831 nullo
593 775 686 843 duale,
705 782 810 831 caueto.

258 863 315 917 Non
334 864 411 928 bene,
431 864 453 917 si
472 862 553 916 tollas
572 862 688 931 proelia,
708 863 789 916 durat
807 878 890 916 amor.

224 949 271 1003 llle
290 948 340 1002 uiri
358 947 450 1002 uideat
468 951 527 1001 toto
546 946 662 1015 uestigia
680 947 750 1001 lecto

259 1033 396 1103 Factaque
413 1032 525 1087 lasciuis
542 1031 628 1085 liuida
645 1031 715 1086 colla
732 1032 813 1087 notis.

223 1118 335 1171 Munera
352 1119 498 1187 praecipue
517 1117 621 1181 uideat,
640 1133 711 1186 quae
728 1116 832 1171 miserit
850 1117 926 1171 alter.

175 1218 211 1257 roo
259 1202 285 1257 Si
306 1202 410 1256 dederit
427 1219 514 1267 nemo,
534 1203 619 1256 Sacra
635 1201 759 1270 roganda
776 1201 857 1256 uiast

225 1290 291 1342 llum
310 1287 396 1341 multa
413 1287 566 1352 abstuleris,
585 1292 688 1341 utnon
707 1292 798 1341 tamen
817 1287 910 1341 omnia
930 1288 1018 1350 donet,

259 1373 337 1440 Quod
355 1388 502 1442 numquam
520 1371 628 1437 reddas,
648 1372 808 1437 commodet
826 1372 892 1442 ipsa
907 1387 983 1441 roga

225 1457 329 1527 Lingua
347 1457 423 1511 iuuet
440 1462 612 1527 mentemque
631 1461 715 1527 tegat.
735 1456 858 1512 blandire
877 1472 1006 1527 neceque.

258 1542 345 1611 Impia
363 1542 414 1597 sub
433 1542 504 1597 dulci
523 1541 602 1596 molle
621 1558 727 1596 uenena
744 1541 837 1596 latent.

175 1642 210 1680 ros
223 1627 299 1682 Haec
317 1628 340 1681 si
359 1628 527 1697 praestiteris
546 1643 598 1681 usu
616 1627 681 1680 mihi
699 1627 809 1696 cognita
826 1625 918 1695 longo,

258 1712 313 1766 Nec
330 1712 441 1767 tulerint
460 1728 541 1767 uinces
560 1717 659 1767 uentus
678 1719 705 1766 et
723 1729 790 1766 aura
806 1728 891 1776 meas,

225 1798 313 1868 Saepe
332 1798 396 1852 mihi
414 1799 488 1853 dices
508 1798 586 1853 uiuae
605 1799 682 1865 bene,
701 1795 784 1868 saepe
802 1799 926 1866 rogabis,

259 1883 293 1937 Vt
311 1901 371 1937 mea
389 1884 535 1938 defunctae
554 1883 669 1937 molliter
687 1900 752 1938 ossa
770 1883 887 1936 cubent'

227 1969 281 2021 Vox
300 1973 359 2022 erat
377 1969 403 2023 in
422 1986 516 2034 cursu,
535 1985 596 2022 eum
616 1985 658 2022 me
676 1985 736 2022 mea
754 1967 875 2037 prodidit
892 1968 995 2023 umbra

176 2069 211 2105 iro
260 2057 295 2107 At
314 2059 422 2108 nostrae
443 2055 486 2107 uix
505 2070 535 2107 se
554 2054 711 2107 continuere
729 2069 839 2118 manus,

225 2138 295 2204 Quin
314 2138 403 2192 albam
422 2155 564 2208 raramque
583 2155 688 2192 comam
706 2138 908 2207 lacrimosaque
927 2139 990 2192 nino

261 2222 373 2277 Lumina
390 2239 505 2292 rugosas
523 2224 758 2293 distraherentque
776 2238 870 2292 genas.

224 2308 258 2361 Di
278 2308 326 2362 tibi
345 2309 411 2362 deut
429 2309 571 2378 nullosque
590 2308 661 2363 lares
680 2309 842 2378 inopemque
862 2313 999 2362 senectam

259 2393 294 2446 Et
311 2392 407 2463 longas
426 2394 527 2448 hiemes
545 2398 760 2463 perpetuamque
777 2393 863 2447 sitim!

561 2615 661 2682 VllII.

225 2735 321 2788 Militat
339 2737 426 2790 omnis
446 2753 548 2790 amans.
568 2742 597 2790 et
615 2736 697 2789 habet
715 2751 766 2788 sua
784 2738 875 2788 castra
893 2733 1016 2815 Cupido,v

260 2819 356 2873 Attice.
375 2822 455 2875 credo
476 2821 546 2883 mihi,
566 2821 663 2875 militat
682 2820 768 2874 orrrnis
787 2835 891 2873 amans.

225 2905 300 2971 Quae
319 2903 417 2959 bellost
434 2906 540 2971 habilis,
562 2905 655 2959 Veneri
675 2921 784 2974 quoque
802 2904 932 2959 conuenit
948 2908 1033 2958 aetas
