2375 3575
424 457 428 463 '
489 472 534 505 aas
548 472 687 506 Ausucum.
938 448 969 501 21

205 603 325 658 Hectora
342 602 456 656 donauit
471 601 577 655 Priamo
594 616 675 671 prece
692 603 782 654 motus
800 600 925 656 Achilles.

240 688 371 743 Flectitur
387 687 473 741 iratus
491 702 559 740 uoce
577 691 690 755 rogante
709 686 784 739 deus

205 773 352 828 Promittas
370 772 461 827 facito.
481 772 546 842 quid
565 772 634 825 enim
654 771 809 841 promittere
826 770 927 826 laedit?

239 857 370 913 Pollicitis
389 857 466 911 diues
484 856 596 928 quilibet
614 873 674 912 esse
692 860 790 927 potest.

162 954 195 994 ue
208 944 278 1014 Spes
296 946 373 997 tenet
390 943 417 996 in
435 948 554 1012 tempus,
574 941 658 996 semel
676 946 718 997 est
735 942 757 995 si
772 941 885 1008 eredita,
903 942 1022 1012 longum.

241 1028 292 1082 Illa
310 1028 419 1099 quidem
437 1027 533 1094 fallax,
552 1027 600 1082 sed
618 1030 709 1081 tamen
728 1030 792 1097 apta
810 1028 896 1083 deest.

207 1114 236 1170 Si
255 1113 363 1168 dederis
381 1113 496 1182 aliquid,
516 1112 618 1183 poteris
635 1113 740 1166 ratione
756 1112 879 1183 relinqui.

240 1198 419 1253 Praeteritum
437 1198 528 1252 tulerit
545 1198 746 1269 perdideritque
764 1198 837 1251 nihil.

206 1287 242 1338 nt
261 1285 334 1354 quod
354 1300 406 1338 non
425 1284 543 1348 dederis,
562 1300 669 1354 semper
687 1283 794 1337 uideare
813 1284 933 1339 daturus.

158 1380 192 1418 rso
241 1369 287 1423 Sie
305 1369 441 1423 dominum
460 1370 559 1423 sterilis
577 1386 660 1439 saepe
678 1369 773 1423 fefellit
789 1385 861 1437 ager.

204 1454 267 1519 Sic,
286 1470 320 1507 ne
338 1454 496 1524 perdiderit,
516 1471 569 1508 non
588 1457 678 1509 cessat
696 1455 809 1524 perdere
826 1455 912 1520 lusor,

237 1540 275 1594 Et
292 1544 403 1595 reuocat
421 1540 534 1610 cupidas
553 1540 613 1594 alea
631 1556 713 1610 saepe
732 1557 836 1595 manus.

203 1626 266 1680 Hoc
283 1642 365 1695 opus,
384 1625 428 1679 hie
446 1626 521 1680 labor
539 1631 582 1680 est
599 1626 685 1695 primo
703 1626 761 1679 sine
780 1642 888 1680 munere
905 1625 988 1695 iungi.

225 1711 279 1764 ·Ne
297 1711 402 1765 dederit
420 1712 504 1779 gratis
524 1727 593 1781 quae
613 1712 697 1776 dedit,
717 1728 804 1781 usque
823 1711 904 1766 dabit.

162 1807 189 1845 ⁵⁵
204 1798 279 1865 Ergo
298 1802 342 1850 eat
360 1802 387 1850 et
403 1797 510 1852 blandis
529 1802 668 1867 peraretur
685 1798 775 1853 littera
793 1798 882 1852 uerbis

239 1882 423 1952 Exploretque
440 1883 545 1938 animos
563 1884 703 1953 primaque
721 1887 836 1953 temptet
852 1883 911 1936 iter.

204 1966 308 2021 Littera
326 1967 466 2038 Cydippen
483 1984 564 2037 pomo
583 1969 687 2038 perlata
704 1967 811 2034 fefellit,

239 2052 411 2122 Insciaquest
428 2053 518 2108 uerbis
537 2059 618 2123 eapte
636 2054 726 2123 puella
744 2055 808 2108 suis.

204 2138 288 2192 Disce
306 2138 393 2192 bonas
411 2142 484 2193 artes
502 2155 611 2205 moneo,
631 2140 754 2193 Romana
770 2139 909 2204 iuuentus,

158 2231 191 2268 *6⁰
239 2222 298 2277 Non
317 2227 423 2277 tantum
441 2224 561 2295 trepidos
579 2228 610 2278 ut
627 2228 721 2279 tueare
739 2241 808 2279 reos.

204 2309 292 2376 Quam
310 2308 427 2379 populus
444 2309 579 2380 iudexque
597 2310 689 2380 grauis
706 2309 846 2379 lectusque
866 2311 989 2374 senatus,

238 2393 306 2447 Tam
330 2393 406 2448 dabit
423 2395 530 2464 eloquio
550 2396 623 2450 uicta
641 2395 731 2466 puella
748 2411 852 2449 manus.

204 2478 260 2536 Sed
277 2479 382 2533 lateant
399 2480 480 2535 uires.
497 2498 547 2536 nee
566 2482 603 2536 sis
621 2482 649 2535 in
666 2481 755 2534 fronte
774 2480 899 2535 disertus

235 2563 376 2634 Effugiant
392 2581 474 2620 uoces
493 2568 576 2621 uerba
594 2566 709 2620 molesta
726 2569 799 2620 tuae.

158 2655 191 2694 ⁴⁶⁵
205 2651 272 2719 Quis
289 2650 343 2705 nisi
361 2652 458 2706 mentis
476 2652 555 2722 inops
573 2656 683 2706 tenerae
701 2652 835 2706 declamat
852 2651 972 2706 amicae?

226 2737 328 2806 -Saepe
348 2736 441 2790 ualens
460 2737 515 2791 odii
533 2737 624 2791 littera
642 2753 725 2792 causa
743 2737 801 2791 fnit.

205 2821 248 2876 Sit
264 2821 314 2876 tibi
333 2821 466 2876 credibilis
485 2838 574 2877 sermo
593 2825 779 2892 consuetaque
798 2823 892 2888 uerba,

240 2906 345 2962 Blanda
362 2910 465 2973 tamen,
484 2924 615 2978 praesens
633 2912 663 2962 ut
681 2908 790 2964 uideare
808 2908 893 2980 loqui.
