<?xml version="1.0" encoding="UTF-8"?>
<!DOCTYPE html PUBLIC "-//W3C//DTD XHTML 1.0 Transitional//EN"
    "http://www.w3.org/TR/xhtml1/DTD/xhtml1-transitional.dtd">
<html xmlns="http://www.w3.org/1999/xhtml" xml:lang="en" lang="en">
 <head>
  <title>
</title>
<meta http-equiv="Content-Type" content="text/html;charset=utf-8" />
  <meta name='ocr-system' content='tesseract 3.04.00' />
  <meta name='ocr-capabilities' content='ocr_page ocr_carea ocr_par ocr_line ocrx_word'/>
</head>
<body>
  <div class='ocr_page' id='page_1' title='image "./povidiinasonisc00mlgoog_0036.png"; bbox 0 0 2375 3575; ppageno 0'>
   <div class='ocr_carea' id='block_1_1' title="bbox 247 468 727 524">
    <p class='ocr_par' dir='ltr' id='par_1_1' title="bbox 247 468 727 524">
     <span class='ocr_line' id='line_1_1' title="bbox 247 468 727 524; baseline 0.006 -3"><span class='ocrx_word' id='word_1_1' title='bbox 247 468 280 521; x_wconf 72' lang='lat'>28</span> <span class='ocrx_word' id='word_1_2' title='bbox 527 491 574 524; x_wconf 75' lang='lat' dir='ltr'>ans</span> <span class='ocrx_word' id='word_1_3' title='bbox 587 490 727 524; x_wconf 72' lang='lat' dir='ltr'>maome.</span> 
     </span>
    </p>
   </div>
   <div class='ocr_carea' id='block_1_2' title="bbox 196 618 1034 2989">
    <p class='ocr_par' dir='ltr' id='par_1_2' title="bbox 196 618 1034 2989">
     <span class='ocr_line' id='line_1_2' title="bbox 246 618 1015 691; baseline -0.004 -15"><span class='ocrx_word' id='word_1_4' title='bbox 246 620 363 691; x_wconf 81' lang='lat' dir='ltr'>Expedit</span> <span class='ocrx_word' id='word_1_5' title='bbox 380 636 442 676; x_wconf 89' lang='lat' dir='ltr'>esse</span> <span class='ocrx_word' id='word_1_6' title='bbox 460 620 534 675; x_wconf 87' lang='lat' dir='ltr'>deos.</span> <span class='ocrx_word' id='word_1_7' title='bbox 553 623 591 685; x_wconf 90' lang='lat' dir='ltr'>et,</span> <span class='ocrx_word' id='word_1_8' title='bbox 610 622 642 673; x_wconf 87' lang='lat' dir='ltr'>ut</span> <span class='ocrx_word' id='word_1_9' title='bbox 659 618 780 689; x_wconf 85' lang='lat' dir='ltr'>expedit,</span> <span class='ocrx_word' id='word_1_10' title='bbox 800 633 861 673; x_wconf 90' lang='lat' dir='ltr'>esse</span> <span class='ocrx_word' id='word_1_11' title='bbox 878 622 1015 689; x_wconf 90' lang='lat' dir='ltr'>putemus.</span> 
     </span>
     <span class='ocr_line' id='line_1_3' title="bbox 280 704 933 776; baseline -0.003 -15"><span class='ocrx_word' id='word_1_12' title='bbox 280 707 385 762; x_wconf 83' lang='lat' dir='ltr'><strong>Dentur</strong></span> <span class='ocrx_word' id='word_1_13' title='bbox 401 706 429 761; x_wconf 93' lang='lat' dir='ltr'>in</span> <span class='ocrx_word' id='word_1_14' title='bbox 448 706 575 776; x_wconf 88' lang='lat' dir='ltr'>antiquos</span> <span class='ocrx_word' id='word_1_15' title='bbox 592 706 655 758; x_wconf 89' lang='lat' dir='ltr'>tura</span> <span class='ocrx_word' id='word_1_16' title='bbox 673 719 829 774; x_wconf 90' lang='lat' dir='ltr'>merumque</span> <span class='ocrx_word' id='word_1_17' title='bbox 847 704 933 759; x_wconf 86' lang='lat' dir='ltr'>focos.</span> 
     </span>
     <span class='ocr_line' id='line_1_4' title="bbox 245 789 866 862; baseline -0.005 -16"><span class='ocrx_word' id='word_1_18' title='bbox 245 792 301 846; x_wconf 90' lang='lat' dir='ltr'>Nec</span> <span class='ocrx_word' id='word_1_19' title='bbox 319 808 415 848; x_wconf 87' lang='lat' dir='ltr'>secura</span> <span class='ocrx_word' id='word_1_20' title='bbox 433 792 510 862; x_wconf 90' lang='lat' dir='ltr'>quies</span> <span class='ocrx_word' id='word_1_21' title='bbox 528 790 587 844; x_wconf 91' lang='lat' dir='ltr'>illos</span> <span class='ocrx_word' id='word_1_22' title='bbox 607 789 754 859; x_wconf 87' lang='lat' dir='ltr'>similisque</span> <span class='ocrx_word' id='word_1_23' title='bbox 774 790 866 859; x_wconf 89' lang='lat' dir='ltr'>sopori</span> 
     </span>
     <span class='ocr_line' id='line_1_5' title="bbox 196 875 868 940; baseline -0.006 -8"><span class='ocrx_word' id='word_1_24' title='bbox 196 896 233 934; x_wconf 77' lang='grc'>000</span> <span class='ocrx_word' id='word_1_25' title='bbox 281 877 397 932; x_wconf 84' lang='lat' dir='ltr'>Detinet.</span> <span class='ocrx_word' id='word_1_26' title='bbox 415 877 531 931; x_wconf 81' lang='lat' dir='ltr'>innocue</span> <span class='ocrx_word' id='word_1_27' title='bbox 549 875 645 940; x_wconf 90' lang='lat' dir='ltr'>uiuite,</span> <span class='ocrx_word' id='word_1_28' title='bbox 665 890 762 928; x_wconf 91' lang='lat' dir='ltr'>numen</span> <span class='ocrx_word' id='word_1_29' title='bbox 783 875 868 929; x_wconf 88' lang='lat' dir='ltr'>adest.</span> 
     </span>
     <span class='ocr_line' id='line_1_6' title="bbox 246 960 964 1032; baseline -0.006 -15"><span class='ocrx_word' id='word_1_30' title='bbox 246 963 360 1017; x_wconf 86' lang='lat' dir='ltr'>Reddite</span> <span class='ocrx_word' id='word_1_31' title='bbox 378 962 540 1032; x_wconf 91' lang='lat' dir='ltr'>depositum.</span> <span class='ocrx_word' id='word_1_32' title='bbox 560 960 649 1030; x_wconf 88' lang='lat' dir='ltr'>pietas</span> <span class='ocrx_word' id='word_1_33' title='bbox 668 977 718 1014; x_wconf 89' lang='lat' dir='ltr'>sua</span> <span class='ocrx_word' id='word_1_34' title='bbox 735 960 846 1014; x_wconf 85' lang='lat' dir='ltr'>foedera</span> <span class='ocrx_word' id='word_1_35' title='bbox 864 965 964 1015; x_wconf 90' lang='lat' dir='ltr'>seruet.</span> 
     </span>
     <span class='ocr_line' id='line_1_7' title="bbox 280 1045 934 1103; baseline -0.003 -2"><span class='ocrx_word' id='word_1_36' title='bbox 280 1047 366 1102; x_wconf 84' lang='lat' dir='ltr'><strong>Fraus</strong></span> <span class='ocrx_word' id='word_1_37' title='bbox 384 1047 462 1103; x_wconf 91' lang='lat' dir='ltr'>absit.</span> <span class='ocrx_word' id='word_1_38' title='bbox 481 1062 584 1100; x_wconf 91' lang='lat' dir='ltr'>uacuas</span> <span class='ocrx_word' id='word_1_39' title='bbox 603 1045 694 1100; x_wconf 87' lang='lat' dir='ltr'>caedis</span> <span class='ocrx_word' id='word_1_40' title='bbox 712 1045 810 1099; x_wconf 89' lang='lat' dir='ltr'>habete</span> <span class='ocrx_word' id='word_1_41' title='bbox 828 1061 934 1099; x_wconf 89' lang='lat' dir='ltr'>manus.</span> 
     </span>
     <span class='ocr_line' id='line_1_8' title="bbox 247 1129 878 1201; baseline -0.002 -15"><span class='ocrx_word' id='word_1_42' title='bbox 247 1132 355 1197; x_wconf 91' lang='lat' dir='ltr'>Ludite,</span> <span class='ocrx_word' id='word_1_43' title='bbox 375 1132 399 1187; x_wconf 91' lang='lat' dir='ltr'>si</span> <span class='ocrx_word' id='word_1_44' title='bbox 417 1132 527 1201; x_wconf 78' lang='lat' dir='ltr'>sapide,</span> <span class='ocrx_word' id='word_1_45' title='bbox 546 1131 619 1186; x_wconf 89' lang='lat' dir='ltr'>solas</span> <span class='ocrx_word' id='word_1_46' title='bbox 637 1131 746 1200; x_wconf 91' lang='lat' dir='ltr'>impune</span> <span class='ocrx_word' id='word_1_47' title='bbox 764 1129 878 1199; x_wconf 91' lang='lat' dir='ltr'>puellas.</span> 
     </span>
     <span class='ocr_line' id='line_1_9' title="bbox 280 1216 904 1284; baseline -0.008 -12"><span class='ocrx_word' id='word_1_48' title='bbox 280 1218 340 1272; x_wconf 91' lang='lat' dir='ltr'>Hac</span> <span class='ocrx_word' id='word_1_49' title='bbox 357 1218 446 1272; x_wconf 90' lang='lat' dir='ltr'>minus</span> <span class='ocrx_word' id='word_1_50' title='bbox 465 1220 507 1271; x_wconf 90' lang='lat' dir='ltr'>est</span> <span class='ocrx_word' id='word_1_51' title='bbox 525 1234 579 1270; x_wconf 88' lang='lat' dir='ltr'>una</span> <span class='ocrx_word' id='word_1_52' title='bbox 596 1216 691 1284; x_wconf 81' lang='lat' dir='ltr'>fraude</span> <span class='ocrx_word' id='word_1_53' title='bbox 709 1216 811 1270; x_wconf 87' lang='lat' dir='ltr'>tuenda</span> <span class='ocrx_word' id='word_1_54' title='bbox 828 1216 904 1271; x_wconf 88' lang='lat' dir='ltr'>fides.</span> 
     </span>
     <span class='ocr_line' id='line_1_10' title="bbox 196 1300 921 1370; baseline -0.008 -10"><span class='ocrx_word' id='word_1_55' title='bbox 196 1322 232 1361; x_wconf 73' lang='grc'>000</span> <span class='ocrx_word' id='word_1_56' title='bbox 246 1302 342 1358; x_wconf 80' lang='lat' dir='ltr'>Fallite</span> <span class='ocrx_word' id='word_1_57' title='bbox 360 1302 494 1357; x_wconf 85' lang='lat' dir='ltr'>fallentes.</span> <span class='ocrx_word' id='word_1_58' title='bbox 513 1318 546 1355; x_wconf 84' lang='lat' dir='ltr'>ex</span> <span class='ocrx_word' id='word_1_59' title='bbox 564 1316 664 1369; x_wconf 85' lang='lat' dir='ltr'>magna</span> <span class='ocrx_word' id='word_1_60' title='bbox 681 1304 759 1369; x_wconf 88' lang='lat' dir='ltr'>parte</span> <span class='ocrx_word' id='word_1_61' title='bbox 776 1300 921 1370; x_wconf 89' lang='lat' dir='ltr'>profanum</span> 
     </span>
     <span class='ocr_line' id='line_1_11' title="bbox 282 1387 1013 1457; baseline -0.003 -15"><span class='ocrx_word' id='word_1_62' title='bbox 282 1387 351 1443; x_wconf 88' lang='lat' dir='ltr'>Sunt</span> <span class='ocrx_word' id='word_1_63' title='bbox 368 1403 462 1457; x_wconf 80' lang='lat' dir='ltr'>genus.</span> <span class='ocrx_word' id='word_1_64' title='bbox 481 1388 509 1441; x_wconf 91' lang='lat' dir='ltr'>in</span> <span class='ocrx_word' id='word_1_65' title='bbox 526 1387 651 1457; x_wconf 88' lang='lat' dir='ltr'>laqueos,</span> <span class='ocrx_word' id='word_1_66' title='bbox 672 1403 740 1456; x_wconf 91' lang='lat' dir='ltr'>quos</span> <span class='ocrx_word' id='word_1_67' title='bbox 758 1402 886 1455; x_wconf 85' lang='lat' dir='ltr'>posuere,</span> <span class='ocrx_word' id='word_1_68' title='bbox 906 1387 1013 1441; x_wconf 88' lang='lat' dir='ltr'>cadant.</span> 
     </span>
     <span class='ocr_line' id='line_1_12' title="bbox 247 1472 910 1545; baseline -0.005 -17"><span class='ocrx_word' id='word_1_69' title='bbox 247 1474 352 1528; x_wconf 82' lang='lat' dir='ltr'>Dicitur</span> <span class='ocrx_word' id='word_1_70' title='bbox 370 1475 510 1545; x_wconf 85' lang='lat' dir='ltr'>Aegyptos</span> <span class='ocrx_word' id='word_1_71' title='bbox 529 1472 650 1526; x_wconf 89' lang='lat' dir='ltr'>caruisse</span> <span class='ocrx_word' id='word_1_72' title='bbox 667 1472 825 1527; x_wconf 88' lang='lat' dir='ltr'>iuuantibus</span> <span class='ocrx_word' id='word_1_73' title='bbox 843 1488 910 1526; x_wconf 89' lang='lat' dir='ltr'>arua</span> 
     </span>
     <span class='ocr_line' id='line_1_13' title="bbox 281 1556 942 1627; baseline -0.003 -15"><span class='ocrx_word' id='word_1_74' title='bbox 281 1559 412 1614; x_wconf 89' lang='lat' dir='ltr'>Imbribus</span> <span class='ocrx_word' id='word_1_75' title='bbox 431 1562 513 1627; x_wconf 90' lang='lat' dir='ltr'>atque</span> <span class='ocrx_word' id='word_1_76' title='bbox 531 1574 617 1611; x_wconf 88' lang='lat' dir='ltr'>annos</span> <span class='ocrx_word' id='word_1_77' title='bbox 636 1557 710 1612; x_wconf 88' lang='lat' dir='ltr'>sicca</span> <span class='ocrx_word' id='word_1_78' title='bbox 727 1556 812 1612; x_wconf 86' lang='lat' dir='ltr'>fuisse</span> <span class='ocrx_word' id='word_1_79' title='bbox 831 1573 942 1622; x_wconf 91' lang='lat' dir='ltr'>nouem,</span> 
     </span>
     <span class='ocr_line' id='line_1_14' title="bbox 248 1642 955 1712; baseline -0.006 -13"><span class='ocrx_word' id='word_1_80' title='bbox 248 1644 315 1699; x_wconf 73' lang='lat' dir='ltr'>(lum</span> <span class='ocrx_word' id='word_1_81' title='bbox 332 1643 463 1698; x_wconf 80' lang='lat' dir='ltr'>Thrasius</span> <span class='ocrx_word' id='word_1_82' title='bbox 481 1643 588 1697; x_wconf 92' lang='lat' dir='ltr'>Busirin</span> <span class='ocrx_word' id='word_1_83' title='bbox 607 1643 664 1697; x_wconf 87' lang='lat' dir='ltr'>adit</span> <span class='ocrx_word' id='word_1_84' title='bbox 681 1645 868 1712; x_wconf 81' lang='lat' dir='ltr'>monstratque</span> <span class='ocrx_word' id='word_1_85' title='bbox 885 1642 955 1712; x_wconf 93' lang='lat' dir='ltr'>piari</span> 
     </span>
     <span class='ocr_line' id='line_1_15' title="bbox 197 1727 886 1799; baseline -0.007 -13"><span class='ocrx_word' id='word_1_86' title='bbox 197 1748 234 1786; x_wconf 82' lang='grc'>000</span> <span class='ocrx_word' id='word_1_87' title='bbox 281 1728 403 1799; x_wconf 90' lang='lat' dir='ltr'>Hospitis</span> <span class='ocrx_word' id='word_1_88' title='bbox 422 1727 518 1783; x_wconf 84' lang='lat' dir='ltr'>adfuso</span> <span class='ocrx_word' id='word_1_89' title='bbox 536 1729 668 1799; x_wconf 81' lang='lat' dir='ltr'>sanguine</span> <span class='ocrx_word' id='word_1_90' title='bbox 687 1743 769 1798; x_wconf 86' lang='lat' dir='ltr'>posse</span> <span class='ocrx_word' id='word_1_91' title='bbox 786 1728 886 1781; x_wconf 89' lang='lat' dir='ltr'>Iouem.</span> 
     </span>
     <span class='ocr_line' id='line_1_16' title="bbox 246 1814 877 1884; baseline 0.005 -17"><span class='ocrx_word' id='word_1_92' title='bbox 246 1814 287 1869; x_wconf 93' lang='lat' dir='ltr'>llli</span> <span class='ocrx_word' id='word_1_93' title='bbox 304 1814 408 1870; x_wconf 89' lang='lat' dir='ltr'>Busiris</span> <span class='ocrx_word' id='word_1_94' title='bbox 427 1814 483 1868; x_wconf 88' lang='lat' dir='ltr'>‘fies</span> <span class='ocrx_word' id='word_1_95' title='bbox 501 1814 574 1868; x_wconf 89' lang='lat' dir='ltr'>louis</span> <span class='ocrx_word' id='word_1_96' title='bbox 592 1814 683 1868; x_wconf 90' lang='lat' dir='ltr'>hostia</span> <span class='ocrx_word' id='word_1_97' title='bbox 700 1814 815 1884; x_wconf 86' lang='lat' dir='ltr'>primus&#39;</span> <span class='ocrx_word' id='word_1_98' title='bbox 871 1839 877 1853; x_wconf 87' lang='lat'><em>·</em></span> 
     </span>
     <span class='ocr_line' id='line_1_17' title="bbox 281 1899 969 1971; baseline 0 -18"><span class='ocrx_word' id='word_1_99' title='bbox 281 1900 372 1970; x_wconf 88' lang='lat' dir='ltr'>lnquit</span> <span class='ocrx_word' id='word_1_100' title='bbox 391 1902 426 1953; x_wconf 84' lang='lat' dir='ltr'>‘et</span> <span class='ocrx_word' id='word_1_101' title='bbox 443 1900 568 1971; x_wconf 81' lang='lat' dir='ltr'>Aegypto</span> <span class='ocrx_word' id='word_1_102' title='bbox 586 1903 617 1953; x_wconf 89' lang='lat' dir='ltr'>tu</span> <span class='ocrx_word' id='word_1_103' title='bbox 636 1899 713 1955; x_wconf 89' lang='lat' dir='ltr'>dabis</span> <span class='ocrx_word' id='word_1_104' title='bbox 731 1900 833 1970; x_wconf 90' lang='lat' dir='ltr'>hospes</span> <span class='ocrx_word' id='word_1_105' title='bbox 852 1900 969 1969; x_wconf 66' lang='lat' dir='ltr'>aquam!</span> 
     </span>
     <span class='ocr_line' id='line_1_18' title="bbox 247 1984 891 2039; baseline -0.002 0"><span class='ocrx_word' id='word_1_106' title='bbox 247 1985 282 2039; x_wconf 85' lang='lat' dir='ltr'>Et</span> <span class='ocrx_word' id='word_1_107' title='bbox 300 1984 421 2039; x_wconf 86' lang='lat' dir='ltr'>Phalaris</span> <span class='ocrx_word' id='word_1_108' title='bbox 438 1989 517 2038; x_wconf 89' lang='lat' dir='ltr'>tauro</span> <span class='ocrx_word' id='word_1_109' title='bbox 535 1984 647 2039; x_wconf 91' lang='lat' dir='ltr'>uiolenti</span> <span class='ocrx_word' id='word_1_110' title='bbox 665 1985 785 2039; x_wconf 90' lang='lat' dir='ltr'>membra</span> <span class='ocrx_word' id='word_1_111' title='bbox 802 1984 891 2038; x_wconf 89' lang='lat' dir='ltr'>Perilli</span> 
     </span>
     <span class='ocr_line' id='line_1_19' title="bbox 281 2069 989 2139; baseline 0.001 -16"><span class='ocrx_word' id='word_1_112' title='bbox 281 2069 396 2124; x_wconf 83' lang='lat' dir='ltr'>Torruit.</span> <span class='ocrx_word' id='word_1_113' title='bbox 414 2069 507 2123; x_wconf 76' lang='lat' dir='ltr'>infelix</span> <span class='ocrx_word' id='word_1_114' title='bbox 524 2070 612 2124; x_wconf 87' lang='lat' dir='ltr'>inbuit</span> <span class='ocrx_word' id='word_1_115' title='bbox 629 2074 723 2125; x_wconf 80' lang='lat' dir='ltr'>auctor</span> <span class='ocrx_word' id='word_1_116' title='bbox 741 2086 818 2139; x_wconf 91' lang='lat' dir='ltr'>opus.</span> <span class='ocrx_word' id='word_1_117' title='bbox 986 2133 989 2139; x_wconf 32' lang='lat'>‚</span> 
     </span>
     <span class='ocr_line' id='line_1_20' title="bbox 197 2153 1032 2225; baseline -0.001 -16"><span class='ocrx_word' id='word_1_118' title='bbox 197 2174 234 2213; x_wconf 76' lang='lat' dir='ltr'>ess</span> <span class='ocrx_word' id='word_1_119' title='bbox 247 2156 339 2210; x_wconf 89' lang='lat' dir='ltr'>Iustus</span> <span class='ocrx_word' id='word_1_120' title='bbox 357 2159 471 2225; x_wconf 85' lang='lat' dir='ltr'>uterque</span> <span class='ocrx_word' id='word_1_121' title='bbox 489 2155 547 2209; x_wconf 86' lang='lat' dir='ltr'>fuit.</span> <span class='ocrx_word' id='word_1_122' title='bbox 566 2169 655 2223; x_wconf 86' lang='lat' dir='ltr'>neque</span> <span class='ocrx_word' id='word_1_123' title='bbox 673 2155 744 2209; x_wconf 91' lang='lat' dir='ltr'>enim</span> <span class='ocrx_word' id='word_1_124' title='bbox 760 2155 803 2209; x_wconf 85' lang='lat' dir='ltr'>lex</span> <span class='ocrx_word' id='word_1_125' title='bbox 822 2154 934 2225; x_wconf 90' lang='lat' dir='ltr'>aequior</span> <span class='ocrx_word' id='word_1_126' title='bbox 951 2153 1032 2209; x_wconf 83' lang='lat' dir='ltr'>ullast</span> 
     </span>
     <span class='ocr_line' id='line_1_21' title="bbox 282 2240 914 2310; baseline -0.002 -15"><span class='ocrx_word' id='word_1_127' title='bbox 282 2242 368 2308; x_wconf 80' lang='lat' dir='ltr'>Quam</span> <span class='ocrx_word' id='word_1_128' title='bbox 385 2241 460 2296; x_wconf 87' lang='lat' dir='ltr'>necis</span> <span class='ocrx_word' id='word_1_129' title='bbox 478 2240 595 2294; x_wconf 86' lang='lat' dir='ltr'>artifices</span> <span class='ocrx_word' id='word_1_130' title='bbox 614 2244 671 2294; x_wconf 90' lang='lat' dir='ltr'>arte</span> <span class='ocrx_word' id='word_1_131' title='bbox 690 2241 777 2310; x_wconf 87' lang='lat' dir='ltr'>perire</span> <span class='ocrx_word' id='word_1_132' title='bbox 796 2257 854 2295; x_wconf 90' lang='lat' dir='ltr'>sua.</span> <span class='ocrx_word' id='word_1_133' title='bbox 912 2253 914 2255; x_wconf 87' lang='grc'><strong><em>·</em></strong></span> 
     </span>
     <span class='ocr_line' id='line_1_22' title="bbox 247 2325 878 2397; baseline -0.002 -17"><span class='ocrx_word' id='word_1_134' title='bbox 247 2326 319 2396; x_wconf 83' lang='lat' dir='ltr'>Ergo</span> <span class='ocrx_word' id='word_1_135' title='bbox 338 2331 368 2381; x_wconf 92' lang='lat' dir='ltr'>ut</span> <span class='ocrx_word' id='word_1_136' title='bbox 384 2327 506 2397; x_wconf 88' lang='lat' dir='ltr'>periuras</span> <span class='ocrx_word' id='word_1_137' title='bbox 525 2326 619 2380; x_wconf 90' lang='lat' dir='ltr'>merito</span> <span class='ocrx_word' id='word_1_138' title='bbox 638 2326 755 2394; x_wconf 84' lang='lat' dir='ltr'>periuria</span> <span class='ocrx_word' id='word_1_139' title='bbox 771 2325 878 2391; x_wconf 82' lang='lat' dir='ltr'>fallant,</span> 
     </span>
     <span class='ocr_line' id='line_1_23' title="bbox 283 2409 811 2482; baseline -0.004 -16"><span class='ocrx_word' id='word_1_140' title='bbox 283 2411 413 2482; x_wconf 83' lang='lat' dir='ltr'>Exemplo</span> <span class='ocrx_word' id='word_1_141' title='bbox 432 2409 523 2466; x_wconf 84' lang='lat' dir='ltr'>doleat</span> <span class='ocrx_word' id='word_1_142' title='bbox 539 2410 641 2466; x_wconf 90' lang='lat' dir='ltr'>femina</span> <span class='ocrx_word' id='word_1_143' title='bbox 660 2409 735 2464; x_wconf 88' lang='lat' dir='ltr'>laesa</span> <span class='ocrx_word' id='word_1_144' title='bbox 753 2427 811 2464; x_wconf 92' lang='lat' dir='ltr'>suo.</span> 
     </span>
     <span class='ocr_line' id='line_1_24' title="bbox 248 2496 1016 2566; baseline 0.003 -16"><span class='ocrx_word' id='word_1_145' title='bbox 248 2496 283 2550; x_wconf 88' lang='lat' dir='ltr'>Et</span> <span class='ocrx_word' id='word_1_146' title='bbox 300 2496 427 2552; x_wconf 86' lang='lat' dir='ltr'>lacrimae</span> <span class='ocrx_word' id='word_1_147' title='bbox 444 2503 567 2566; x_wconf 87' lang='lat' dir='ltr'>prosunt.</span> <span class='ocrx_word' id='word_1_148' title='bbox 585 2496 702 2551; x_wconf 89' lang='lat' dir='ltr'>lacrimis</span> <span class='ocrx_word' id='word_1_149' title='bbox 722 2497 868 2551; x_wconf 87' lang='lat' dir='ltr'>adamanta</span> <span class='ocrx_word' id='word_1_150' title='bbox 885 2497 1016 2563; x_wconf 87' lang='lat' dir='ltr'>monebis,</span> 
     </span>
     <span class='ocr_line' id='line_1_25' title="bbox 199 2582 933 2650; baseline -0.001 -13"><span class='ocrx_word' id='word_1_151' title='bbox 199 2598 236 2637; x_wconf 87' lang='grc'>000</span> <span class='ocrx_word' id='word_1_152' title='bbox 283 2582 339 2636; x_wconf 85' lang='lat' dir='ltr'>Fac</span> <span class='ocrx_word' id='word_1_153' title='bbox 356 2582 481 2637; x_wconf 90' lang='lat' dir='ltr'>madidas</span> <span class='ocrx_word' id='word_1_154' title='bbox 500 2582 604 2647; x_wconf 87' lang='lat' dir='ltr'>uideat,</span> <span class='ocrx_word' id='word_1_155' title='bbox 624 2582 647 2636; x_wconf 89' lang='lat' dir='ltr'>si</span> <span class='ocrx_word' id='word_1_156' title='bbox 665 2585 756 2650; x_wconf 90' lang='lat' dir='ltr'>potes,</span> <span class='ocrx_word' id='word_1_157' title='bbox 775 2582 821 2636; x_wconf 87' lang='lat' dir='ltr'>illa</span> <span class='ocrx_word' id='word_1_158' title='bbox 838 2597 933 2650; x_wconf 84' lang='lat' dir='ltr'>genas.</span> 
     </span>
     <span class='ocr_line' id='line_1_26' title="bbox 250 2667 1034 2738; baseline -0.003 -14"><span class='ocrx_word' id='word_1_159' title='bbox 250 2668 278 2724; x_wconf 91' lang='lat' dir='ltr'>Si</span> <span class='ocrx_word' id='word_1_160' title='bbox 288 2668 414 2723; x_wconf 86' lang='lat' dir='ltr'>lacrimae</span> <span class='ocrx_word' id='word_1_161' title='bbox 421 2698 451 2705; x_wconf 85' lang='lat'>—</span> <span class='ocrx_word' id='word_1_162' title='bbox 458 2668 624 2737; x_wconf 88' lang='lat' dir='ltr'>nequeenim</span> <span class='ocrx_word' id='word_1_163' title='bbox 630 2667 742 2721; x_wconf 92' lang='lat' dir='ltr'>ueniunt</span> <span class='ocrx_word' id='word_1_164' title='bbox 753 2667 780 2721; x_wconf 92' lang='lat' dir='ltr'>in</span> <span class='ocrx_word' id='word_1_165' title='bbox 790 2672 911 2738; x_wconf 87' lang='lat' dir='ltr'>tompore</span> <span class='ocrx_word' id='word_1_166' title='bbox 921 2683 1034 2738; x_wconf 87' lang='lat' dir='ltr'>semper·</span> 
     </span>
     <span class='ocr_line' id='line_1_27' title="bbox 283 2752 825 2822; baseline -0.004 -14"><span class='ocrx_word' id='word_1_167' title='bbox 283 2754 425 2817; x_wconf 86' lang='lat' dir='ltr'>Deficient‚</span> <span class='ocrx_word' id='word_1_168' title='bbox 445 2754 500 2807; x_wconf 92' lang='lat' dir='ltr'>uda</span> <span class='ocrx_word' id='word_1_169' title='bbox 516 2752 619 2807; x_wconf 90' lang='lat' dir='ltr'>lumina</span> <span class='ocrx_word' id='word_1_170' title='bbox 636 2758 718 2822; x_wconf 84' lang='lat' dir='ltr'>tange</span> <span class='ocrx_word' id='word_1_171' title='bbox 736 2769 825 2807; x_wconf 90' lang='lat' dir='ltr'>manu.</span> 
     </span>
     <span class='ocr_line' id='line_1_28' title="bbox 250 2837 978 2909; baseline 0 -17"><span class='ocrx_word' id='word_1_172' title='bbox 250 2839 315 2907; x_wconf 81' lang='lat' dir='ltr'>Quis</span> <span class='ocrx_word' id='word_1_173' title='bbox 334 2838 444 2909; x_wconf 88' lang='lat' dir='ltr'>sapiens</span> <span class='ocrx_word' id='word_1_174' title='bbox 461 2838 568 2894; x_wconf 90' lang='lat' dir='ltr'>blandis</span> <span class='ocrx_word' id='word_1_175' title='bbox 587 2854 641 2892; x_wconf 92' lang='lat' dir='ltr'>non</span> <span class='ocrx_word' id='word_1_176' title='bbox 660 2838 775 2892; x_wconf 87' lang='lat' dir='ltr'>misceat</span> <span class='ocrx_word' id='word_1_177' title='bbox 792 2841 886 2892; x_wconf 88' lang='lat' dir='ltr'>oscula</span> <span class='ocrx_word' id='word_1_178' title='bbox 903 2837 978 2893; x_wconf 84' lang='lat' dir='ltr'>uerbi</span> 
     </span>
     <span class='ocr_line' id='line_1_29' title="bbox 284 2923 930 2989; baseline -0.002 -12"><span class='ocrx_word' id='word_1_179' title='bbox 284 2923 334 2977; x_wconf 90' lang='lat' dir='ltr'>llla</span> <span class='ocrx_word' id='word_1_180' title='bbox 350 2923 414 2977; x_wconf 88' lang='lat' dir='ltr'>licet</span> <span class='ocrx_word' id='word_1_181' title='bbox 431 2940 484 2979; x_wconf 93' lang='lat' dir='ltr'>non</span> <span class='ocrx_word' id='word_1_182' title='bbox 503 2924 561 2989; x_wconf 85' lang='lat' dir='ltr'>det,</span> <span class='ocrx_word' id='word_1_183' title='bbox 579 2940 634 2977; x_wconf 94' lang='lat' dir='ltr'>non</span> <span class='ocrx_word' id='word_1_184' title='bbox 653 2924 717 2977; x_wconf 89' lang='lat' dir='ltr'>data</span> <span class='ocrx_word' id='word_1_185' title='bbox 736 2939 812 2978; x_wconf 91' lang='lat' dir='ltr'>sume</span> <span class='ocrx_word' id='word_1_186' title='bbox 830 2927 930 2978; x_wconf 91' lang='lat' dir='ltr'>tamen.</span> 
     </span>
    </p>
   </div>
   <div class='ocr_carea' id='block_1_3' title="bbox 0 0 1194 3575">
    <p class='ocr_par' dir='ltr' id='par_1_3' title="bbox 0 0 1194 3575">
     <span class='ocr_line' id='line_1_30' title="bbox 0 0 1194 3575; baseline 0 0"><span class='ocrx_word' id='word_1_187' title='bbox 0 0 1194 3575; x_wconf 95' lang='lat' dir='ltr'> </span> 
     </span>
    </p>
   </div>
  </div>
 </body>
</html>
