2375 3575
258 464 305 515 116
519 486 637 520 nannum
650 485 752 520 auoms.

253 616 312 670 Non
330 616 420 681 hauet,
438 615 510 669 unde
528 632 607 669 suum
625 618 773 685 paupertas
791 620 889 684 pascat
907 633 1034 672 amorem.

203 717 242 756 rea
289 701 347 755 Non
365 706 457 756 tamen
474 700 526 755 hoc
543 700 654 765 tantist,
672 716 779 770 pauper
796 704 826 754 ut
843 716 907 755 esse
925 701 1002 757 uelis.

255 787 377 841 astanti
395 786 444 841 tibi
462 786 498 841 sit
516 803 570 840 non
588 785 729 854 indulgere
745 786 872 852 theatris,

287 873 358 927 Dum
376 873 445 927 bene
463 872 497 926 de
515 887 603 926 uacuo
622 874 733 940 pectore
751 871 831 925 cedat
848 888 934 927 amor.

253 958 393 1013 Eneruant
409 958 515 1012 animos
534 956 655 1010 citharae
672 956 798 1026 lotosque
815 956 949 1027 lyraeque

286 1044 322 1098 Et
339 1060 393 1098 uox
411 1048 439 1097 et
455 1046 575 1097 numeris
592 1041 706 1096 brachia
723 1046 796 1096 mota
812 1043 879 1097 suis.

201 1141 240 1180 aaa
253 1128 310 1185 lllic
326 1128 441 1183 adsidue
457 1128 513 1181 ficti
531 1127 666 1182 saltantur
684 1131 815 1182 amantes.

287 1214 357 1282 Quid
375 1229 474 1269 caueae
493 1217 569 1267 actor
586 1212 653 1283 quid
670 1214 746 1268 iuuet
762 1217 821 1267 arte
839 1213 928 1267 docet

255 1299 375 1370 Eloquar
391 1299 501 1352 inuitus.
520 1303 629 1352 teneros
649 1314 682 1351 ne
697 1302 783 1368 tange
801 1300 914 1368 poetas!

287 1385 450 1439 Summoueo
469 1384 547 1438 dotes
566 1383 653 1452 ipsius
671 1384 730 1453 ipse
749 1400 832 1437 meas.

253 1469 446 1523 Callimachum
465 1469 559 1537 fugito.
578 1486 633 1523 uon
651 1474 695 1523 est
712 1468 836 1523 inimicus
854 1471 957 1524 Amori.

201 1567 238 1605 reri
286 1554 399 1609 Etcum
418 1554 583 1609 Callimacho
601 1559 631 1607 tu
650 1570 770 1624 quoque,
790 1554 857 1619 (loe,
878 1571 970 1610 noces.

253 1640 294 1693 Me
312 1646 383 1695 certe
402 1639 513 1709 Sappho
532 1639 668 1693 meliorem
687 1638 754 1692 iecit
771 1639 887 1704 amicae,

284 1724 340 1779 Nec
358 1724 460 1794 rigidos
480 1741 567 1779 mores
585 1724 653 1786 Teia
669 1724 748 1778 Musa
766 1723 848 1778 dedit.

252 1813 376 1865 Carmina
393 1812 454 1881 quis
472 1812 561 1880 potuit
578 1814 638 1865 tuto
656 1810 756 1879 legisse
774 1810 871 1865 Tibulli

285 1896 332 1950 Vel
350 1902 411 1961 tua,
431 1897 508 1950 cuius
526 1913 596 1965 opus
614 1895 731 1967 Cynthia
748 1896 808 1950 sola
825 1896 894 1950 fuit?

205 1993 241 2028 1551
256 1982 322 2048 Quis
339 1982 439 2050 poterit
456 1982 526 2036 lecto
545 1982 629 2035 durus
648 1981 789 2035 discedere
806 1981 905 2036 Gallo?

286 2067 321 2120 Et
340 2083 399 2120 mea
417 2067 509 2121 nescio
528 2066 594 2137 quid
613 2067 733 2121 carmina
751 2067 806 2121 tale
825 2076 933 2122 sonant.

251 2151 330 2218 Quod
348 2152 399 2205 nisi
419 2152 473 2205 dux
491 2152 581 2221 operis
600 2156 691 2205 uatem
711 2152 855 2206 frustretur
874 2152 986 2222 Apollo.

285 2236 412 2291 Aemulus
431 2243 474 2292 est
491 2237 576 2291 nostri
596 2237 713 2290 maxima
732 2254 816 2292 causa
834 2237 905 2292 mali.

251 2326 286 2377 itt
302 2328 331 2376 tu
350 2322 461 2377 riualem
480 2323 534 2377 noli
552 2322 601 2376 tibi
619 2323 719 2390 fingere
738 2338 914 2393 quemquam.

198 2418 236 2456 aaa
283 2409 368 2478 loque
386 2424 436 2462 suo
454 2407 539 2461 solam
558 2407 637 2462 crede
655 2407 742 2461 iacere
760 2411 829 2462 toro.

250 2494 345 2547 Acrius
362 2492 526 2546 Hermionen
543 2493 605 2547 ideo
623 2492 715 2546 dilexit
733 2492 857 2548 Orestes.

281 2578 350 2633 Esse
369 2578 443 2648 quod
461 2577 571 2632 alterius
590 2582 719 2648 coeperat
735 2578 781 2632 illa
799 2578 858 2632 uiri.

250 2664 319 2730 Quid
337 2663 470 2727 Menelae,
490 2663 582 2718 doles?
601 2663 661 2718 ibas
680 2665 738 2718 sine
756 2665 874 2733 coniuge
892 2665 1000 2720 Creten.

285 2748 320 2801 Et
337 2754 447 2817 poteras
466 2753 552 2816 nupta
569 2749 659 2803 lentus
678 2750 776 2804 abesse
793 2756 849 2804 tua

199 2844 236 2881 ⁷⁷5
249 2832 284 2887 Vt
301 2833 376 2887 Paris
395 2835 466 2888 hanc
483 2834 585 2902 rapuit,
605 2851 677 2889 nunc
696 2834 802 2889 demum
822 2851 906 2890 uxore
923 2852 1016 2891 carere

284 2918 341 2971 Non
358 2923 445 2986 potes.
465 2919 575 2973 alterius
594 2919 680 2974 creuit
697 2936 789 2975 amore
808 2926 879 2976 tuus.
