2375 3575
282 456 328 508 130
608 477 716 511 succus.

278 611 331 664 Vos
350 624 461 679 quoquc
479 608 603 661 crudeles
621 606 708 676 rigido
727 621 789 659 curu
806 604 898 659 limine
918 610 1014 675 postes

311 695 440 763 Duraque
459 708 610 747 conseruere
627 691 701 759 ligna
720 691 809 745 ualete
827 691 909 745 fores.

620 913 689 977 VII.

276 1035 353 1089 Adde
373 1049 471 1087 munus
495 1033 522 1085 in
542 1032 632 1086 uincla
649 1048 768 1086 meas-
783 1046 907 1086 meruere
925 1038 1039 1088 catenas

309 1120 379 1174 Dum
398 1118 473 1172 furor
490 1118 579 1172 omnis
597 1118 661 1182 abit,
681 1116 767 1186 siquis
786 1116 889 1171 amicus
908 1117 984 1172 ades.

276 1204 343 1257 Nam
360 1204 434 1258 furor
450 1202 479 1256 in
497 1202 633 1257 dominam
652 1202 797 1257 temeraria
814 1201 927 1256 brachia
943 1203 1039 1257 mouit

309 1288 370 1343 Flet
387 1304 448 1341 mea
465 1303 588 1341 uaesana
606 1287 682 1342 laesa
699 1286 791 1357 puella
808 1302 898 1340 manu.

251 1396 262 1429 :.
276 1374 354 1427 Tunc
372 1388 423 1441 ego
441 1372 486 1425 uel
504 1388 583 1426 caros
602 1372 679 1441 potui
697 1372 800 1426 uiolare
818 1376 959 1441 parentes,

310 1459 400 1513 Saeua
418 1456 461 1511 uel
478 1456 506 1510 in
525 1463 637 1511 sanctos
655 1458 769 1513 uerbera
787 1456 856 1510 ferre
875 1456 950 1511 deos.

276 1544 353 1611 Quid,
372 1559 425 1597 non
444 1545 472 1595 et
490 1542 568 1611 clipei
588 1542 714 1596 dominus
733 1541 919 1611 septemplicis
937 1543 1009 1597 Aiax

310 1628 413 1683 Strauit
431 1627 580 1696 deprensos
598 1626 656 1681 lata
672 1643 721 1695 per
739 1643 807 1680 aruo
823 1642 935 1696 greges,

275 1714 310 1767 Et
327 1714 427 1767 uindex
443 1712 470 1765 in
490 1716 576 1766 matre
593 1712 680 1781 patris
700 1712 787 1766 malus
805 1712 876 1766 ultor
895 1712 1009 1767 Orestes

239 1821 262 1856 ro
310 1803 401 1854 Ausus
418 1799 445 1852 in
464 1814 579 1852 arcanas
598 1812 710 1867 poscere
728 1798 784 1852 tela
801 1798 886 1853 deas?

275 1884 346 1954 Ergo
365 1899 416 1952 ego
436 1883 557 1951 digestos
575 1883 653 1953 potui
673 1883 775 1936 laniare
793 1882 926 1953 capillos?
955 1929 957 1935 .

308 1969 363 2023 Nec
381 1969 517 2023 dominum
536 1973 626 2022 motae
644 1969 795 2022 dedecuere
813 1985 915 2022 comae.

275 2054 321 2108 Sic
337 2054 458 2108 formoso
475 2053 534 2107 fuit.
553 2053 634 2107 talem
655 2054 826 2108 Schoeneida
844 2055 934 2108 dicam

308 2138 456 2194 Maenalias
474 2155 538 2193 arcu
557 2138 720 2193 sollicitasse
737 2139 818 2193 feras.

239 2247 261 2282 rs
274 2225 348 2279 Talis
366 2224 466 2294 periuri
483 2224 674 2294 promissaque
692 2224 807 2294 uelaque
825 2223 924 2279 Thesei

309 2309 397 2363 Fleuit
413 2309 578 2378 praecipites
597 2309 697 2363 Cressa
714 2308 811 2364 tulisse
829 2314 919 2365 notos.

275 2395 320 2451 Sic
337 2394 390 2448 nisi
408 2394 514 2448 uittatis
533 2395 604 2463 quod
625 2399 684 2447 erat
702 2394 859 2448 Cassandra
876 2394 985 2466 capillis

307 2478 454 2534 Procubuit
470 2479 580 2548 templo,
601 2484 678 2533 casta
697 2480 828 2544 Minerua,
847 2486 904 2535 tuo.

274 2565 340 2632 Quis
363 2564 427 2617 mihi
452 2581 504 2618 non
530 2564 670 2618 ‘demensl'
699 2565 760 2634 quis
784 2582 836 2618 nou
860 2565 925 2619 mihi
951 2566 1058 2622 losrbw

235 2670 259 2708 ευ
307 2649 371 2719 lpsa
390 2647 462 2702 nihil.
483 2649 612 2719 pauidost
630 2650 722 2717 lingua
739 2654 845 2704 retenta
862 2653 944 2704 metu.
999 2652 1058 2720 [dixi

274 2734 327 2788 Sed
346 2734 423 2788 taciti
442 2735 531 2788 l'ecere
548 2739 641 2786 tamen
660 2735 784 2789 conuicia
802 2735 904 2789 uultus.

308 2819 371 2888 Egit
388 2835 431 2872 mo
449 2819 567 2872 lacrimis
585 2835 631 2873 ore
651 2819 747 2873 silente
765 2836 848 2874 reum.

277 2907 347 2959 Ante
365 2920 441 2957 meos
460 2903 560 2957 umeris
580 2903 675 2956 uellem
695 2905 826 2960 cecidisse
845 2904 971 2960 lacertos.

189 3028 261 3132 χ
