2375 3575
232 457 264 508 θ’.)
494 479 612 513 numm
626 479 727 512 larome.
774 485 777 489 ·

232 609 271 662 Tu
291 610 393 679 pariter
410 609 481 673 uati,
500 608 601 678 pariter
618 623 745 663 succurre
763 608 891 663 medenti.

266 694 386 765 Vtraque
403 694 506 748 tutelae
524 693 634 748 subdita
653 709 718 748 cura
734 698 836 748 tuaest.

232 780 304 833 Dum
320 779 394 845 licet,
413 783 442 834 et
459 778 557 833 modici
574 782 692 847 tangunt
709 778 870 848 praecordia
888 783 988 844 motus,

196 879 220 917 ao
268 865 296 920 Si
313 865 400 935 piget,
419 865 447 918 in
464 865 551 934 primo
568 863 661 917 limine
679 863 746 918 siste
764 864 870 933 pedem.

234 950 375 1019 Opprime,
394 950 457 1003 dum
476 965 549 1003 noua
566 952 639 1015 sunt,
657 949 738 1003 subiti
756 948 830 1003 mala
841 949 949 1004 semina
959 947 1036 1011 morbi,

267 1035 303 1089 Et
318 1040 382 1089 tuus
400 1035 533 1104 incipiens
549 1035 589 1088 ire
607 1034 717 1088 resistat
734 1050 830 1104 equus.

233 1120 301 1173 Nam
319 1137 395 1174 mora
412 1120 460 1173 dat
476 1120 557 1173 uires.
575 1125 684 1174 teneras
701 1136 779 1174 mora
795 1121 943 1191 percoquit
957 1135 1025 1182 uuas,

267 1204 302 1258 Et
320 1204 425 1259 ualidas
444 1208 561 1274 segetes.
580 1220 650 1275 quae
667 1205 719 1259 luit
736 1204 831 1271 herba,
849 1206 925 1261 facit.
969 1219 971 1224 ·

195 1303 219 1340 es
234 1290 309 1357 Quae
327 1291 439 1360 praebet
457 1290 527 1344 latas
544 1292 625 1345 arbor
642 1290 825 1360 spatiantibus
844 1291 966 1354 umbras,

269 1375 327 1442 Quo
345 1376 464 1444 positast
481 1375 597 1445 primum
615 1380 749 1445 tempore,
768 1375 847 1445 uirga
863 1376 926 1433 fuit.
1005 1373 1009 1378 ’

234 1461 303 1514 Tum
320 1465 428 1531 poterat
446 1460 571 1515 manibus
590 1476 696 1515 summa
712 1461 807 1515 tellure
825 1462 930 1518 reuelli.

267 1546 344 1600 Nunc
362 1550 417 1600 stat
434 1547 461 1600 in
480 1546 632 1600 inmensum
649 1546 751 1602 uiribus
769 1550 832 1601 acta
849 1548 917 1602 suis.

235 1631 319 1698 Quale
337 1631 430 1697 sitio,
454 1631 528 1701 quod
545 1648 636 1696 amas,
661 1631 740 1685 celeri
759 1632 938 1702 circumspice
955 1634 1041 1694 mente,

197 1730 222 1767 eo
267 1716 303 1771 Et
320 1720 368 1771 tua
385 1717 492 1771 laesuro
510 1716 639 1771 subtrahe
658 1716 728 1771 colla
744 1717 816 1785 iugo.

234 1803 375 1872 Principiis
393 1803 479 1857 obsta
498 1819 559 1857 sero
577 1803 712 1858 medicina
729 1809 853 1874 paratur,

268 1889 336 1943 Cum
353 1889 425 1943 mala
442 1905 490 1959 per
507 1889 603 1957 longas
622 1888 782 1944 conualuere
799 1905 900 1944 moras.

235 1974 289 2028 Sed
307 1991 430 2045 propera
450 1978 546 2028 necte
565 1978 695 2029 uenturas
713 1974 791 2029 differ
808 1975 837 2029 in
853 1975 946 2030 horas.

270 2060 322 2126 Qui
339 2077 394 2114 non
412 2064 455 2114 est
471 2060 566 2124 hodie,
585 2075 646 2115 cras
664 2061 753 2114 minus
772 2064 854 2129 aptus
872 2060 933 2115 erit.

198 2156 222 2192 95
235 2145 323 2199 Verba
342 2145 388 2199 dat
406 2145 493 2199 omnis
512 2161 587 2199 amor
605 2145 759 2215 reperitque
774 2145 904 2200 alimenta
916 2142 1045 2200 morando.

270 2231 379 2301 Optima
396 2231 531 2285 uindictae
548 2230 672 2300 proxima
690 2246 814 2301 quaeque
832 2230 900 2286 dics.

234 2316 359 2370 Flumina
376 2333 466 2387 pauca
483 2315 560 2370 uides
579 2317 613 2370 de
630 2317 736 2385 magnis
754 2315 876 2371 fontibus
895 2320 964 2370 orta.

269 2401 387 2455 Plurima
404 2402 523 2456 collectis
543 2401 754 2472 multiplicantur
772 2401 859 2471 aquis.

236 2488 264 2542 Si
283 2488 337 2542 cito
355 2487 501 2550 sensisses,
521 2492 651 2557 quantum
670 2503 784 2556 peccare
800 2503 926 2557 parares,

186 2582 222 2619 100
269 2572 328 2626 Non
345 2577 452 2641 tegeres
469 2573 561 2627 uultus
580 2573 692 2639 cortice,
711 2572 827 2645 Myrrha,
845 2576 918 2628 tuos.

236 2658 295 2712 Vidi
315 2674 378 2727 ego,
398 2659 471 2729 quod
488 2659 577 2712 fuerat
594 2659 681 2728 primo
700 2658 821 2713 sanabile
839 2658 951 2725 uulnus,

270 2744 388 2798 Dilatum
407 2744 504 2812 longae
523 2744 622 2798 damna
639 2744 735 2798 tulisse
752 2760 868 2804 morae.¹

238 2830 291 2885 Sed
309 2830 374 2901 quia
393 2830 508 2885 delectat
526 2829 637 2885 Veneris
657 2829 802 2900 decerpere
819 2828 952 2895 fructum,

272 2916 392 2971 Dicimus
411 2915 525 2970 adsidue
545 2921 613 2969 ‘cras
632 2931 742 2985 quoque
759 2914 806 2968 fiet
823 2914 914 2970 idem'
