2375 3575
418 356 422 363 ’
499 363 629 415 'numm
642 380 744 415 anonis.
965 358 1012 411 101

242 510 279 564 Et
296 509 398 579 poterit
415 508 469 563 dici
485 508 626 580 petulans,
646 525 717 579 quae
734 510 837 564 rustica
855 526 909 564 non
928 513 978 565 est.

184 608 228 647 eac
278 594 313 648 Et
330 594 432 665 poterit
449 595 503 649 dici
520 595 635 659 rustica,
654 594 735 665 siqua
752 595 873 664 probast.

241 680 314 748 Quin
332 681 426 746 etiam,
445 695 616 751 quacumque
635 683 710 734 caret
726 685 775 734 000
792 680 893 735 femina
911 681 987 747 dcte,

275 765 355 820 Hanc
371 768 492 830 moueat,
510 765 617 820 blandis
636 780 723 835 usqne
741 781 853 834 precare
872 765 955 822 sonis.

238 850 326 920 Exige
345 851 419 920 qnod
436 853 540 915 cantet,
560 850 668 919 siquast
685 851 744 904 sine
762 866 830 905 uoce
848 850 947 921 puella.

274 935 330 989 Fac
348 935 443 1001 saltet,
460 935 548 990 nescit
565 936 646 1005 siqua
664 951 773 990 mouere
791 953 909 990 manum.

183 1035 224 1074 ³³5
238 1020 361 1075 Barbara
379 1021 548 1075 sermonest?
567 1020 612 1074 fac
630 1026 720 1074 tecum
738 1021 823 1075 multa
840 1020 974 1091 loquatur.

274 1105 334 1167 Non
352 1105 447 1159 didicit
465 1106 581 1161 chordas
600 1107 730 1174 tangere?
749 1122 835 1175 posce
853 1106 946 1178 lyram.

237 1190 340 1245 Durius
358 1190 476 1245 incedit?
494 1191 539 1246 iac
557 1192 713 1247 inambulet.
732 1208 812 1246 omne
829 1191 949 1262 papillae
974 1229 978 1237 «

273 1276 371 1329 Ρο0000
389 1275 491 1331 habent
507 1276 646 1330 tumidae?
664 1276 752 1331 fascia
770 1276 844 1330 nulla
861 1281 946 1347 tegat.

237 1360 267 1414 Si
285 1360 356 1414 male
374 1360 524 1426 dentatam,
544 1378 636 1426 narra,
657 1362 730 1431 quod
748 1362 848 1428 rideat,
867 1362 912 1417 illi.

183 1461 223 1500 000
271 1445 396 1501 Mollibus
415 1452 457 1501 000
475 1446 577 1501 oeulis?
598 1448 671 1516 quod
689 1446 753 1501 11000
771 1447 828 1512 1110,
848 1448 925 1502 refer.

237 1531 361 1585 Proderit
379 1536 406 1586 et
424 1532 526 1596 subito,
547 1548 609 1586 cum
627 1549 657 1587 00
677 1549 732 1586 000
749 1532 856 1587 finxerit
874 1533 933 1598 ulli,

271 1616 315 1670 Ad
332 1617 469 1671 dominam
488 1616 589 1672 celeres
608 1634 687 1671 mane
705 1618 801 1672 tulisse
819 1619 930 1686 gradus.

236 1700 391 1755 Auferimur
409 1701 491 1756 cultu.
509 1702 624 1771 gemmis
644 1719 765 1772 auroque
783 1708 912 1773 teguntur

271 1786 375 1842 Omnia.
394 1804 458 1857 pars
476 1788 616 1844 minimast
633 1789 696 1858 ipsa
712 1789 804 1859 puella
822 1790 872 1844 001.

180 1888 220 1926 aas
235 1871 325 1943 Saepe
337 1872 383 1926 ubi
401 1874 451 1939 010,
471 1874 545 1944 qnod
562 1890 651 1940 ames,
670 1875 740 1929 inter
759 1879 814 1929 tam
828 1875 913 1928 multa
924 1875 1056 1944 requiras.

269 1958 377 2027 Decipit
394 1959 447 2013 hac
464 1959 559 2014 oculos
578 1960 676 2028 aegide
695 1961 772 2014 diues
791 1961 881 2014 Amor.

233 2043 403 2113 lmprouisus
421 2045 499 2110 ades,
519 2045 671 2115 deprendes
689 2049 764 2100 tutus
783 2045 919 2099 inermem.

268 2129 364 2184 Infelix
382 2129 456 2185 uitiis
475 2130 582 2185 excidet
599 2131 646 2185 illa
664 2131 729 2185 suis.

232 2215 292 2269 Non
310 2218 402 2269 tamen
421 2216 482 2271 huic
500 2217 610 2271 nimium
636 2219 784 2286 praecepto
803 2216 912 2271 eredere
930 2220 1054 2270 tutumst.

178 2310 218 2350 000
267 2299 348 2354 Fallit
365 2301 436 2355 enim
454 2301 554 2356 multas
572 2303 661 2357 forma
679 2302 738 2356 sine
756 2305 814 2356 arte
834 2301 941 2356 decens.

231 2385 302 2439 'lum
322 2401 443 2456 quoqne,
468 2402 529 2440 cnm
551 2388 650 2457 positis
669 2404 720 2442 sua
739 2386 849 2442 collinet
868 2404 917 2441 ora
935 2387 1055 2451 uenenis,

267 2471 310 2524 Ad
328 2471 453 2526 dominae
471 2472 564 2526 001000
583 2505 616 2513 -
635 2489 685 2528 000
703 2474 791 2543 pudor
810 2473 902 2527 obstet
919 2504 952 2512 -
971 2489 1026 2527 eas.

231 2555 350 2628 Ppmidas
368 2556 492 2612 inuenies
510 2561 538 2612 et
555 2573 647 2612 rernm
665 2558 737 2612 mille
755 2558 860 2612 colores

265 2641 302 2696 Et
318 2641 401 2697 fluere
419 2642 447 2697 in
464 2643 573 2712 tepidos
591 2660 695 2716 oesypa
712 2645 791 2713 lapsa
809 2645 893 2698 sinus.

178 2737 217 2776 000
231 2727 282 2782 Illa
299 2730 362 2782 0000
380 2728 516 2793 redolent,
536 2729 652 2795 Phineu,
672 2729 851 2783 medicamina
869 2744 986 2783 mensas.

265 2811 325 2867 Non
343 2812 427 2868 semel
444 2813 508 2868 hine
527 2816 669 2870 stomacho
687 2830 790 2869 nausea
807 2814 882 2868 facta
900 2818 995 2868 meost.
