2375 3575
536 491 647 527 AMORES.

483 662 490 669 ⁵
540 672 641 737 XIIII.

203 790 339 845 Dicebam
360 790 503 845 ‘medicare
520 795 583 845 tuos
603 791 705 845 desiste
724 790 853 860 capillos)

240 875 357 944 Tingere
375 891 455 945 quam
473 876 573 944 pessis,
591 876 645 930 iam
663 865 805 930 tibi‘nulla
823 880 936 931 conrast.

203 962 241 1015 At
260 961 283 1015 si
301 976 386 1029 passa
402 960 484 1025 fores,
504 962 569 1031 quid
588 965 647 1015 erat
665 961 813 1031 spatiosius
831 961 903 1016 illis?

240 1046 418 1114 Contigerant
434 1046 525 1111 imum,
545 1062 601 1116 qua
618 1050 696 1115 patet
714 1062 808 1116 usque,
827 1046 908 1101 latus.

177 1146 189 1182 a
204 1131 275 1197 Quid
294 1132 368 1200 quod
385 1134 463 1185 erant
480 1135 577 1185 tenues
596 1136 623 1186 et
640 1147 710 1201 quos
729 1147 825 1186 ornare
842 1132 959 1197 tImeres,

239 1215 306 1269 Vela
323 1215 436 1270 colorati
454 1216 546 1285 qualia
564 1216 644 1271 Seres
663 1218 771 1282 habent,

205 1299 254 1354 Vel
271 1301 341 1369 pede
359 1301 432 1370 quud
450 1300 544 1370 gracili
563 1301 674 1355 deducit
691 1319 792 1355 aranea
809 1302 890 1367 filum,

239 1386 307 1439 (lum
324 1384 385 1439 leue
403 1387 512 1441 deserta
529 1386 581 1441 sub
598 1387 675 1441 trabe
693 1388 777 1441 nectIt
795 1404 873 1456 opus.

204 1470 260 1523 Il'ee
278 1473 370 1523 tamen
388 1476 447 1525 ater
465 1475 524 1525 erat
542 1487 593 1525 uec
611 1475 671 1525 erat
688 1476 781 1526 tamen
800 1490 898 1527 aureus
916 1471 974 1537 ille,

165 1571 191 1608 ιο
224 1563 226 1565 ’
241 1555 296 1610 Sed
314 1555 440 1625 quamuis
458 1560 553 1610 neuter
571 1557 672 1611 mixtus
691 1563 806 1627 uterque
825 1558 906 1622 color,

204 1639 320 1707 Qualem
339 1640 459 1695 cliuosae
476 1641 594 1697 madidis
612 1642 641 1695 iu
660 1642 777 1697 uallibus
795 1643 861 1697 Idae

240 1725 333 1779 Ardua
351 1725 463 1795 derepto
482 1726 582 1780 cortice
604 1727 701 1781 cedrus
720 1727 810 1783 habet.

176 1873 179 1878 ,
203 1811 283 1866 Adde
302 1811 376 1881 quod
394 1815 422 1864 et
440 1811 542 1867 dociles
561 1817 589 1866 et
607 1817 715 1867 centum
734 1813 849 1867 flexibus
868 1815 925 1883 apti

239 1894 459 1950 uerisimilius
479 1912 564 1951 causa
583 1897 684 1952 doloris
703 1901 789 1952 erant.

168 1996 193 2032 15
206 1981 266 2035 Non
286 1997 353 2036 acus
371 1982 487 2051 abrupit,
507 1999 561 2036 nun
580 1982 682 2036 uallum
701 1983 817 2052 pectinis
835 1983 904 2038 illes.

240 2066 367 2121 Ornatrix
384 2070 444 2121 tute
463 2083 577 2137 corpore
596 2084 703 2137 semper
721 2071 788 2122 erat.

202 2151 277 2206 Ante
295 2167 370 2206 meos
388 2157 499 2221 saepest
516 2153 611 2208 ocules
629 2157 735 2218 ornata,
753 2169 804 2207 nec
822 2169 949 2224 umquam

238 2236 371 2291 Bracchia
388 2237 502 2306 derepta
520 2238 615 2292 saucia
632 2238 699 2292 lecit
717 2254 775 2293 acu.

204 2321 297 2391 Saepe
315 2323 397 2376 etiarn
415 2324 535 2378 noudum
553 2324 668 2392 digestis
686 2339 766 2378 mane
784 2324 890 2394 capillis

165 2416 191 2458 20
239 2407 379 2477 Purpureo
396 2408 481 2462 iacuit
499 2409 668 2479 semisupina
684 2413 754 2463 turo.

203 2492 275 2548 Tum
289 2507 398 2562 quoque
410 2496 469 2547 erat
487 2492 613 2562 neglecta
625 2494 733 2559 decens,
753 2498 783 2548 ut
794 2493 909 2548 Threcia
919 2494 1026 2550 Bacche

239 2577 308 2632 Cum
325 2580 427 2632 temere
445 2578 474 2631 in
491 2578 571 2632 nitidi
588 2579 711 2647 gramine
728 2578 804 2633 lassa
819 2578 899 2633 iacet.

203 2664 274 2719 Cum
292 2662 408 2730 graciles
426 2667 519 2717 essent
536 2666 629 2717 tamen
648 2666 676 2717 et
692 2663 829 2732 lanuginis
846 2663 940 2729 instar,

239 2747 315 2813 Heu,
333 2747 406 2802 mala
423 2751 539 2802 uexatae
557 2751 662 2818 quanta
678 2747 765 2802 tulere
783 2748 888 2802 cumae!

165 2841 190 2882 aa
203 2835 294 2902 Quam
312 2848 343 2887 se
360 2833 543 2902 praebuerunt
560 2833 632 2888 ferro
650 2833 785 2904 patienter
803 2836 831 2887 et
847 2832 912 2900 igni,
956 2855 965 2864 ·

238 2917 276 2972 Vt
293 2917 371 2973 fieret
387 2922 461 2974 terto
478 2918 575 2974 nexilis
592 2919 658 2974 orbe
676 2919 765 2974 sinus!

848 3023 874 3062 lu
