2375 3575
221 444 252 494 74
507 461 554 496 nas
569 461 714 497 sunnonem.

220 595 305 651 Visite
322 595 456 667 laurigero
474 599 583 651 sacrate
599 595 706 651 Palab'a
723 596 841 652 Phoebo.
856 627 883 636 -

170 700 208 739 uno
254 681 302 735 Ille
319 680 511 736 Paraetonicas
529 680 623 736 mersit
640 680 669 736 in
687 680 744 737 alta
760 686 887 738 rates.-

219 767 350 837 Quaeque
362 782 439 821 soror
451 766 623 837 aoniumque
635 767 712 823 (tucis
724 767 895 823 monimenta
912 771 1039 838 pararunt

252 851 403 922 Naualique
420 868 503 921 gener
521 852 626 907 cinctus
644 852 747 907 honore
764 857 857 924 caput

218 936 303 992 Visite
320 937 480 992 turicremas
498 953 600 992 uaccae
617 937 808 1008 Memphitidos
827 953 904 1003 aras,

252 1022 336 1077 Visite
354 1023 509 1092 conspicuis
527 1028 605 1078 terna
623 1022 731 1078 theatra
746 1023 823 1079 locis.

168 1125 205 1163 aee
218 1107 380 1177 Spectentur
397 1108 490 1177 tepido
508 1109 663 1164 maculosae
681 1110 813 1178 sangnine
831 1108 954 1165 harenae

251 1192 378 1263 Metaque
396 1193 512 1248 feruenti
529 1194 693 1249 circueunda
709 1199 777 1249 rota.

220 1277 298 1344 Quod
316 1277 390 1344 later,
410 1278 567 1347 ignotumst.
586 1280 673 1348 ignoti
692 1279 765 1354 nulia
783 1279 893 1349 cupido.

253 1362 368 1417 Fructus
387 1364 472 1430 abest,
492 1363 577 1420 facies
596 1381 658 1419 cum
675 1364 748 1420 bona
764 1367 837 1419 teste
855 1369 941 1421 caret.

218 1447 258 1501 Tu
277 1447 340 1503 licet
357 1452 384 1503 et
402 1449 565 1521 Thamyram
584 1467 697 1520 superes
715 1456 743 1504 et
760 1449 901 1505 Amoebea
918 1455 1006 1507 cantu.

168 1551 206 1589 roo
253 1533 311 1587 Non
329 1535 380 1588 erit
396 1534 506 1603 ignotae
524 1536 613 1604 gratia
631 1551 730 1606 magna
746 1535 829 1606 lyrae.

219 1617 247 1673 Si
266 1618 396 1674 Venerem
415 1619 487 1675 Cous
505 1636 641 1692 nusquam
659 1620 797 1691 posuisset
814 1619 940 1689 Apelles,

251 1703 341 1758 Mersa
358 1706 409 1761 sub
427 1708 570 1776 aequoreis
586 1706 634 1761 itia
651 1705 748 1760 lateret
764 1704 853 1775 aquis.
1067 1711 1069 1765 1

219 1789 288 1856 Quid
306 1791 407 1860 petitur
425 1794 509 1847 sacris
527 1794 579 1848 nisi
597 1796 703 1847 tantum
721 1792 795 1846 fama
811 1791 923 1861 poetis?

253 1875 421 1931 Hoc-uotum
440 1878 525 1932 nostri
543 1895 649 1932 summa
666 1876 766 1932 laboris
784 1876 875 1932 habet.

170 1979 208 2016 eor
222 1961 294 2015 Oura
311 1960 391 2015 deum
410 1962 517 2017 fuerant
535 1963 598 2018 olim
616 1977 766 2032 regumque
783 1965 893 2031 poetae,

253 2047 430 2117 Praemiaque
448 2049 554 2118 antiqui
571 2062 672 2115 magna
688 2046 777 2101 tulere
794 2045 878 2100 chori.

219 2133 375 2203 Sanctaque
393 2134 523 2188 maiestas
542 2136 569 2188 et
587 2137 647 2187 erat
666 2130 818 2186 uenerabile
838 2147 939 2187 nornen

253 2218 372 2283 Vatibus,
392 2223 420 2273 et
436 2219 528 2288 largae
547 2235 630 2288 saepe
650 2218 784 2272 dabantur
802 2231 879 2285 opes.

220 2303 323 2358 Ennius
342 2305 455 2359 emeruit
474 2337 505 2344 -
524 2304 647 2359 Calabris
665 2303 692 2357 in
712 2301 849 2357 montibus
867 2307 945 2357 ortus
963 2332 993 2341 -

167 2403 205 2442 410
252 2388 403 2459 Contiguus
420 2390 493 2459 poni,
513 2387 604 2460 Scipio
623 2404 727 2457 magne,
744 2387 801 2443 tibi.

217 2474 293 2528 Nunc
311 2474 408 2529 ederae
427 2475 486 2530 sine
503 2474 606 2528 honore
623 2474 722 2540 iacent,
740 2476 910 2542 operataque
928 2470 1013 2526 doctis

252 2561 324 2614 Oura
342 2560 407 2628 uigil
422 2559 507 2614 Musis
525 2575 624 2614 nomen
642 2558 735 2613 inertis
753 2557 843 2612 habet

219 2646 273 2701 Sed
291 2644 380 2699 famae
398 2646 511 2714 uigilare
528 2645 612 2698 iuuat
632 2644 693 2715 quis
711 2648 807 2698 nosset
823 2642 989 2705 Homerum,

253 2730 317 2785 Ilias
336 2734 475 2786 aeternnm
494 2731 517 2785 si
535 2730 662 2784 latuisset
680 2729 767 2798 opus?

170 2828 208 2866 ms
221 2815 288 2883 Quis
306 2816 419 2871 Danaen
437 2819 538 2880 nosset,
557 2814 581 2869 si
600 2830 706 2884 semper
724 2813 802 2868 clusa
818 2812 919 2868 iubset

253 2902 339 2971 Inque
357 2916 408 2955 sua
425 2902 491 2956 turri
509 2900 685 2970 perlatuisset
702 2898 789 2953 anus?
809 2924 812 2930 ·
