2375 3575
541 483 652 518 turonus.
933 460 979 512 199

168 628 193 665 15
208 612 301 665 Laeua
319 628 427 677 manus,
447 612 490 666 cui
509 628 581 665 nuuc
594 628 683 666 serum
697 611 766 666 male
780 613 909 666 conuenit
927 628 1033 676 aurum,

243 695 327 750 Scuta
344 696 413 750 tulit.
433 697 555 750 dextram
573 701 668 764 tange,
688 702 801 751 cruenta
818 697 877 751 fuit.

208 782 270 849 Qua
287 782 367 850 periit
384 782 494 852 aliquia,
514 786 593 850 potes
613 782 684 835 hanc
703 783 860 851 contingere
879 781 1020 835 dextram?

243 866 315 931 Heu,
336 867 380 921 ubi
398 866 525 920 mollities
543 868 663 935 pectoris
681 868 727 920 illa
745 868 804 920 tui?

209 952 296 1006 Cerne
315 952 455 1005 cicatrices
475 953 574 1006 ueteris
593 953 710 1020 uestigia
728 968 843 1020 pugnae.

167 1049 195 1088 ao
245 1037 432 1104 Quaesitumst
449 1037 486 1090 iili
506 1053 631 1105 corpore,
651 1037 780 1108 quicquid
799 1036 889 1091 habet.

208 1121 336 1175 Forsitan
354 1127 392 1185 01,
413 1122 539 1191 quotiens
558 1121 694 1175 hominem
713 1121 889 1191 iugulauerit‚
907 1119 951 1173 iile

244 1206 355 1260 indicet.
375 1207 427 1260 hoc
444 1208 535 1261 fassas
553 1206 658 1274 tangis,
678 1223 775 1271 auara,
795 1222 898 1259 manus.
959 1240 960 1244 κ

209 1291 257 1345 1110
276 1307 326 1359 ego
346 1292 480 1345 Musarum
499 1308 585 1360 purus
603 1291 760 1360 Phoebique
779 1291 906 1345 sacerdos

244 1377 286 1431 Ad
305 1377 406 1444 rigidas
426 1382 506 1430 cauto
526 1392 635 1430 carmen
654 1376 735 1430 inane
753 1375 844 1429 fores?

170 1473 196 1511 15
209 1462 326 1525 Discite,
346 1461 392 1530 qui
411 1462 521 1530 sapitis,
540 1478 606 1526 non,
626 1478 696 1531 quae
715 1477 765 1515 nos
784 1460 885 1515 scimus
904 1460 1015 1523 inertes,

244 1546 300 1600 Sed
318 1545 439 1614 trepidas
458 1546 531 1600 acies
550 1551 578 1600 et
596 1546 655 1600 fera
673 1549 765 1600 castra
784 1545 869 1615 sequi,

209 1632 317 1701 Proque
334 1632 406 1685 bono
426 1647 505 1685 uersu
524 1631 638 1699 primum
659 1630 785 1684 deducite
802 1629 895 1699 pilum.

243 1717 304 1771 Hoc
321 1716 381 1779 tibi,
401 1716 423 1769 si
443 1716 539 1780 uelles,
559 1716 660 1785 possit,
679 1716 809 1780 Homere‚
830 1715 896 1769 dari.

210 1803 333 1872 iuppiter
351 1803 506 1856 admonitus
524 1802 590 1855 nibil
609 1819 670 1856 esse
688 1801 827 1870 potentius
845 1817 912 1855 auro

170 1901 196 1939 ao
245 1889 395 1956 Corruptae
413 1887 530 1956 pretium
550 1887 664 1954 uirginis
682 1887 742 1956 ipse
754 1885 818 1940 11111.

210 1975 281 2028 Dum
299 1988 403 2026 merces
422 1972 527 2037 aberat,
547 1972 632 2026 durus
650 1978 740 2041 pater,
760 1972 821 2041 ipsa
840 1986 947 2034 seuera,

244 2058 337 2112 Aerati
355 2062 461 2126 postes,
480 2059 568 2111 terrea
585 2057 669 2110 turris
688 2063 753 2111 0111.
924 2104 938 2131 ,

210 2143 265 2197 Sed
284 2146 428 2212 postquam
447 2142 558 2211 sapiens
576 2141 603 2195 in
623 2157 736 2194 munera
753 2140 835 2194 uertit
853 2139 972 2203 adulter,

244 2228 374 2282 Praebuit
390 2228 451 2296 ipsa
470 2227 546 2280 sinus
565 2229 592 2279 01
611 2226 675 2279 dare
693 2226 771 2280 iussa
788 2225 871 2278 dedit.

170 2316 325 2368 1111101101
344 2329 430 2381 regna
448 2328 531 2366 senex
549 2311 617 2366 caeli
636 2310 771 2365 Saturnus
790 2310 914 2374 haberet,

246 2398 331 2453 Omne
350 2397 454 2493 lucr*
471 2397 589 2450 tenebris
609 2397 665 2450 1111
684 2396 824 2465 premebat
842 2396 950 2448 humus.

211 2489 337 2552 Aeraque
356 2486 384 2535 et
403 2488 544 2548 argeutum
565 2497 681 2550 cumque
700 2497 766 2535 auro
785 2479 908 2549 pondera
925 2479 988 2533 ferri

246 2567 370 2622 Manibus
388 2567 512 2621 admorat
531 2565 658 2636 nullaque
677 2582 768 2620 massa
786 2565 846 2630 init,

212 2655 248 2707 At
266 2651 378 2705 meliora
396 2651 480 2706 dabat
499 2667 582 2704 curuo
601 2652 660 2705 sine
680 2666 790 2704 uomere
808 2649 901 2716 fruges

172 2753 198 2790 eo
248 2737 387 2806 Pomaque
406 2736 478 2790 etin
498 2751 600 2805 quercu
620 2735 699 2789 melia
716 2738 826 2804 reperta
845 2748 921 2786 caua.

213 2823 268 2878 Nec
288 2822 378 2876 ualido
397 2822 543 2891 quisquam
561 2827 661 2875 terram
680 2820 823 2875 scindebat
841 2821 944 2882 aratro,

249 2907 383 2976 Signabat
401 2906 474 2961 nullo
492 2906 577 2960 limite
596 2922 704 2960 mensor
723 2905 847 2968 humum,
