2375 3575
235 445 281 499 184
560 466 670 502 uocas.

265 598 295 650 lu
314 596 451 650 dammam
468 595 605 660 dammas,
623 595 650 648 iu
669 610 743 649 mare
761 594 854 649 fundis
872 610 962 665 aquas.

192 698 217 737 aa
232 682 363 752 Suspicor
382 698 415 736 ex
433 682 494 735 istis
513 684 541 734 et
558 684 650 735 cetera
668 695 752 749 posse
770 678 887 749 placere,

266 768 342 835 Quae
360 767 429 821 bene
447 766 499 821 sub
516 765 591 820 tenui
610 764 720 818 condita
738 771 816 819 ueste
833 764 927 819 latent.

232 853 278 907 Vis
295 858 386 907 tamen
405 852 510 905 interea
527 850 623 905 faciles
641 865 781 904 arcessere
792 854 899 913 uentos,

266 939 340 1005 Quos
357 938 441 991 faciet
459 939 553 990 nostra
570 940 646 989 mota
663 934 764 989 tabella
781 935 882 989 manu?

232 1025 273 1077 An
292 1023 379 1091 magis
398 1022 442 1076 hic
459 1037 536 1075 meus
554 1025 598 1075 est
615 1019 710 1085 animi,
729 1019 881 1084 nonacris,
901 1027 993 1080 aestus,

192 1125 218 1163 lo
266 1107 409 1177 Captaque
426 1106 559 1161 femineus
577 1109 690 1176 pectora
707 1108 793 1159 torret
804 1105 900 1160 amor?

233 1192 302 1246 Dum
320 1192 428 1262 loquor,
448 1191 511 1246 alba
527 1191 582 1246 leui
600 1194 725 1260 sparsast
741 1190 792 1245 tibi
809 1189 925 1259 puluere
943 1187 1022 1244 uestis.

266 1276 380 1331 Sordide
398 1277 432 1331 de
451 1276 530 1331 niueo
549 1292 662 1345 corpore
680 1274 771 1345 puluis
790 1275 847 1330 abi!

233 1362 286 1417 Sed
304 1364 358 1415 iam
376 1378 478 1432 pompa
497 1362 579 1415 uenit.
598 1361 698 1430 linguis
717 1360 871 1430 animisque
888 1359 988 1415 fauete!

266 1447 386 1516 Tempus
405 1448 484 1502 adest
502 1445 624 1516 plausus.
644 1462 728 1500 aurea
745 1462 848 1516 pompa
865 1445 950 1501 uenit.

192 1550 218 1586 55
234 1532 322 1585 Prima
339 1532 399 1587 loco
410 1532 502 1593 ,fertur
520 1532 611 1601 passis
629 1530 748 1586 Victoria
766 1530 864 1600 pinnis.

266 1618 327 1671 Huc
345 1619 411 1672 ades
430 1623 458 1673 et
476 1633 552 1672 meus
570 1617 616 1671 hic
633 1616 691 1682 fac,
711 1617 769 1681 dea,
788 1616 883 1670 uincat
902 1631 981 1670 amor.

233 1703 355 1757 Plaudite
373 1703 507 1772 Neptuno,
527 1703 638 1756 nimium
657 1702 704 1773 qui
722 1701 832 1756 creditis
851 1700 941 1755 undis.

266 1789 308 1843 liil
326 1789 391 1844 mihi
410 1805 471 1843 cum
489 1788 596 1858 pelago.
616 1804 659 1842 me
676 1804 738 1842 mea
754 1793 828 1841 terra
846 1786 930 1857 capit

233 1875 334 1930 Plaude
352 1880 400 1929 tuo
417 1875 505 1940 Marti,
525 1874 610 1928 miles.
630 1890 680 1928 uos
698 1873 804 1927 adlmus
823 1888 908 1926 arma.

195 1978 218 2014 5ο
267 1961 322 2014 Pax
340 1961 428 2024 iuuat,
448 1965 476 2014 et
494 1959 583 2013 media
602 1974 670 2028 pace
687 1961 811 2028 repertus
831 1973 916 2010 amor.

232 2045 389 2114 Auguribus
407 2044 540 2109 Phoebus,
559 2044 669 2100 Phoebe
687 2043 850 2098 uenautibus
869 2042 950 2097 adsit.

267 2131 391 2185 Artifices
408 2131 435 2184 io
453 2133 482 2183 te
499 2135 589 2193 uerte,
607 2128 741 2194 Minerua,
760 2144 864 2182 mauus.

234 2216 375 2270 turricolae
393 2215 484 2269 Cereri
502 2220 651 2284 teneroque
670 2214 808 2283 adsurgite
827 2213 945 2267 Baccho.

267 2300 402 2355 Pollucem
420 2300 535 2370 pugiles,
554 2300 671 2354 Castora
688 2299 780 2368 placet
797 2314 890 2368 eques.

195 2403 218 2439 55
232 2385 287 2440 Νο5
305 2386 361 2450 tibi,
382 2385 482 2440 blanda
499 2386 599 2448 Venus,
618 2386 765 2454 puerisque
783 2383 942 2453 potentibus
960 2397 1024 2437 arcu

267 2471 431 2526 Plaudimus.
451 2471 566 2540 inceptis
586 2470 683 2535 adnue,
703 2470 773 2534 diua,
794 2470 871 2535 meis,

232 2556 328 2626 Daque
347 2573 435 2611 nouae
452 2562 570 2610 mentem
589 2556 722 2621 dominae,
741 2556 862 2624 patiatur
879 2554 974 2610 amari.

267 2643 376 2707 Annuit,
396 2650 424 2696 et
442 2649 516 2697 motu
535 2644 615 2711 signa
633 2643 754 2696 secunda
771 2640 859 2695 dedit!

233 2728 312 2795 Quod
330 2728 382 2782 dea
400 2728 531 2797 promisit
551 2727 696 2797 promittas
713 2727 782 2798 ipsa,
801 2741 938 2794 rogamus.

194 2828 220 2866 eo
268 2813 337 2869 Pace
355 2813 452 2883 loquar
470 2813 594 2877 Veneris,
614 2817 644 2867 tu
663 2814 715 2867 dea
733 2813 818 2867 maior
836 2813 898 2866 eris.

231 2899 282 2954 Per
301 2899 349 2952 tibi
368 2902 411 2953 tot
429 2899 487 2953 iuro
505 2904 591 2954 testes
610 2914 794 2969 pompamque
812 2898 923 2952 deorum
