2375 3575
221 449 267 501 132
547 472 658 506 anonas.

251 602 408 656 Caeduntur
425 601 511 655 Pariis
531 600 624 670 qualia
641 617 709 655 saxa
726 601 805 670 iugis.

218 686 358 740 Exanimis
376 689 452 740 artus
470 689 498 739 et
517 685 637 739 membra
654 686 798 739 trementia
816 686 886 751 uidi,

252 771 287 825 Vt
305 788 367 825 cum
384 771 517 841 populeas
536 769 652 824 uentilat
669 787 736 824 aura
754 786 861 836 comas,

180 868 204 905 55
219 856 252 910 Vt
269 856 323 911 loni
341 856 458 927 zephyro
476 854 586 925 gracilis
606 853 726 909 uibratur
745 856 863 920 arundo,

250 940 396 995 Summano
414 957 474 994 curn
493 939 586 1008 tepido
605 939 746 1008 stringitur
764 941 840 995 unda
858 946 935 995 noto.

217 1023 428 1095 Suspensaeque
445 1025 492 1078 diu
509 1023 636 1079 lacrimae
654 1023 755 1079 fluxere
773 1042 824 1096 per
842 1042 903 1090 ora,

251 1110 372 1177 Qualiter
388 1116 496 1164 umecta
514 1109 548 1163 de
567 1109 629 1163 niue
648 1113 740 1163 manat
759 1126 840 1180 aqua.

225 1195 301 1249 Tunc
320 1211 370 1263 ego
388 1210 431 1249 me
448 1194 563 1264 primum
583 1194 661 1263 coepi
679 1194 781 1249 sentire
799 1200 944 1250 nocentem

179 1293 205 1328 on
252 1279 370 1348 Sanguis
389 1284 447 1333 erat
464 1278 591 1333 lacrimae
610 1295 679 1348 quas
698 1279 782 1334 dabat
799 1279 847 1334 illa
864 1297 952 1335 meus.

219 1364 271 1418 'lor
288 1369 378 1418 tamen
397 1368 460 1418 ante
478 1364 563 1433 pedes
582 1363 653 1429 uolui
674 1364 850 1432 procumbere
869 1366 997 1435 supplex.

252 1449 305 1503 Ter
324 1449 482 1503 formidatas
501 1447 620 1518 reppulit
637 1448 683 1501 illa
700 1465 806 1503 manus.

219 1537 255 1588 At
272 1538 302 1587 tn
321 1550 354 1587 ne
372 1534 467 1588 dubita
492 1566 514 1571 —
535 1534 638 1587 minuet
656 1533 777 1587 uindicta
794 1534 918 1589 dolorem
943 1568 964 1573 -

254 1619 379 1673 Protinus
397 1619 423 1671 in
442 1618 534 1672 uoltus
553 1618 689 1686 unguibus
708 1618 746 1671 ire
764 1634 850 1672 meos.

180 1716 205 1752 os
219 1704 273 1758 Nec
291 1704 391 1757 nostris
409 1703 495 1758 oculis
513 1719 564 1757 nec
583 1703 683 1757 nostris
701 1720 784 1772 perce
801 1702 920 1773 capillis.

252 1789 406 1855 Quamlibet
422 1789 542 1842 infirmas
561 1789 672 1842 adiuuet
689 1789 730 1842 ira
748 1806 853 1844 manus.

220 1873 291 1927 liene
309 1874 360 1927 mei
380 1874 490 1928 sceleris
508 1879 563 1927 tam
582 1873 673 1928 tristia
690 1874 771 1940 signa
788 1877 938 1944 supersint.

253 1958 325 2011 Pone
343 1959 540 2028 recompositas
558 1959 587 2011 in
607 1959 726 2013 statione
745 1974 847 2013 comas.

560 2180 646 2244 Vlll.

221 2297 270 2349 list
289 2299 422 2366 quaedam
441 2331 462 2336 --
482 2299 646 2368 quicumque
665 2298 739 2352 uolet
757 2315 926 2367 cognoscere
945 2300 1034 2354 lenam.

253 2382 366 2436 Audiat!
389 2415 415 2422 -
437 2389 479 2437 est
497 2382 631 2452 quaedam
651 2384 758 2436 nomine
776 2382 879 2452 Dipsas
898 2402 977 2438 anus.

220 2466 259 2519 Ex
277 2483 305 2520 re
324 2484 422 2521 nomen
440 2468 529 2521 habet.
549 2467 617 2535 nigri
636 2484 689 2521 non
709 2467 755 2522 illa
773 2473 915 2538 parentem

254 2551 402 2606 Memnonis
420 2553 447 2606 in
466 2553 550 2606 roseis
568 2552 660 2607 sobria
678 2553 747 2607 uidit
765 2553 852 2622 equis.

195 2637 270 2689 allla
288 2653 382 2705 magas
401 2642 474 2692 artes
494 2639 639 2707 Aeaeaque
657 2637 778 2692 carmina
797 2639 885 2703 nouit,

253 2722 337 2791 lnque
356 2728 439 2790 caput
455 2722 573 2791 liquidas
592 2728 650 2776 arte
669 2728 795 2777 recuruat
813 2739 909 2792 aquas.

220 2807 277 2859 Scit
295 2806 371 2870 benc,
391 2807 456 2876 quid
474 2823 592 2875 gramen,
613 2808 677 2877 quid
697 2811 769 2861 torto
787 2809 897 2862 concita
915 2809 1027 2862 rhombo

253 2890 334 2949 Licia.
354 2892 419 2960 quid
438 2892 529 2945 ualeat
547 2893 622 2946 uirus
642 2892 759 2946 amantis
777 2908 872 2962 equae.
