2375 3575
270 487 303 538 48
581 494 630 527 uns
641 495 782 530 ararnonru.

270 641 325 693 Aut
342 638 422 710 piper
440 639 542 693 urticae
560 640 695 695 mordacis
714 642 816 696 semine
834 642 951 700 miscent

304 725 432 795 Tritaque
451 724 477 778 in
497 741 601 779 annoso
618 726 691 781 flaua
708 728 837 798 pyrethra
855 746 938 785 mero.

270 808 324 864 Sed
343 811 395 864 dea
413 827 466 864 non
485 810 587 880 patitur
605 811 644 866 sic
662 812 698 866 ad
716 829 767 867 sua
784 814 886 882 gaudia
904 805 977 885 cogi,

218 906 257 946 rao
304 895 378 950 Colle
397 896 447 951 sub
466 896 593 950 umbroso
612 911 693 966 quam
712 901 788 952 tenet
806 898 879 955 altus
897 900 978 973 Eryx.
1005 938 1008 942 ,

271 981 421 1045 Candidum
440 980 564 1035 Alcathoi
584 983 629 1051 qui
648 981 763 1036 mittitur
782 984 847 1039 urbe
866 985 995 1055 Pelasga,

303 1066 405 1121 Bulbus
423 1071 463 1130 et,
482 1084 514 1120 ex
533 1067 612 1121 horto
631 1083 700 1137 quae
719 1069 806 1134 uenit,
826 1069 910 1125 herba
928 1072 1005 1127 salax

270 1152 557 1232 Ouaque-sumantur,
576 1156 718 1207 sumantur
736 1153 875 1225 Hymettia
894 1156 974 1211 mella

303 1237 433 1307 Quasque
451 1236 513 1291 tulit
531 1238 596 1292 folio
614 1239 694 1307 pinus
713 1246 794 1294 acuta
813 1256 905 1296 nuces.

219 1332 258 1372 rae
272 1323 361 1377 Docta
378 1323 443 1392 quid
461 1323 496 1377 ad
513 1324 635 1392 magicas
654 1323 737 1378 Erato
757 1324 906 1381 deuerteris
925 1327 1017 1383 artes?

302 1408 416 1462 interior
433 1424 511 1462 curru
531 1414 603 1463 meta
621 1408 735 1463 terenda
753 1415 848 1465 meost.
974 1408 976 1411 ’

268 1494 319 1561 Qui
338 1494 417 1547 niodo
436 1493 545 1548 celatas
564 1495 668 1548 monitu
686 1498 734 1548 tua
753 1495 865 1549 crimina
883 1500 994 1563 nostro,

302 1579 392 1634 Flecte
409 1580 460 1633 iter
478 1584 506 1633 et
524 1580 626 1633 monitu
646 1581 743 1648 detege
761 1581 835 1635 furtu
852 1598 923 1637 meo.

267 1665 322 1719 Nec
339 1664 436 1720 leuitas
455 1664 590 1734 culpanda
609 1669 703 1720 meast.
724 1683 777 1720 uon
795 1682 902 1736 semper
921 1667 1020 1723 eodem

215 1758 254 1798 ruo
301 1751 448 1821 Impositos
466 1754 549 1806 uento
568 1751 659 1822 panda
677 1751 769 1807 carina
788 1752 871 1807 uehit.

267 1838 335 1892 Nam
354 1837 434 1891 modo
452 1837 576 1892 Threicio
595 1838 690 1900 borea,
709 1838 790 1892 modo
808 1838 941 1894 currimus
960 1845 1038 1902 euro,

302 1923 390 1992 Saepe
408 1926 513 1976 tument
530 1923 648 1994 zephyro
666 1923 762 1984 lintea,
782 1939 865 1993 saepe
884 1927 957 1978 noto.

267 2009 378 2078 Aspice,
399 2012 428 2062 ut
446 2008 471 2062 in
491 2026 570 2063 curru
589 2008 669 2062 modo
689 2009 735 2063 det
752 2008 888 2063 fluitantia
905 2012 996 2063 rector

301 2095 384 2156 Lora,
403 2095 484 2148 modo
503 2094 637 2148 admissos
655 2098 714 2148 arte
731 2099 850 2148 retentet
867 2109 961 2164 equos.

215 2185 254 2225 ⁴³5
268 2179 337 2234 Sunt
355 2181 453 2250 quibus
471 2179 577 2246 ingrate
595 2179 689 2232 timida
707 2179 875 2248 indulgentia
893 2180 987 2241 seruit,

301 2266 348 2331 Et,
367 2265 390 2320 si
409 2265 484 2319 nulla
502 2265 597 2319 subest
614 2263 733 2326 aemula,
752 2264 864 2334 languet
883 2281 967 2319 amor.

266 2351 416 2406 Luxuriant
433 2351 514 2405 animi
532 2350 614 2405 rebus
632 2350 791 2420 plerumque
809 2349 951 2416 secundis,

300 2437 355 2491 Nec
372 2436 479 2491 facilest
497 2452 586 2506 aequa
605 2436 747 2491 commoda
764 2440 854 2489 mente
872 2435 938 2504 pati.

266 2523 301 2576 l't
318 2521 386 2577 leuis
404 2523 557 2592 absumptis
576 2522 707 2592 paulatim
726 2521 828 2576 uiribus
848 2520 919 2589 iguis

214 2612 252 2652 ⁴4⁰
299 2609 362 2677 lpse
379 2608 459 2674 latet,
478 2624 583 2664 summo
603 2612 682 2662 canet
700 2607 726 2661 in
746 2607 809 2676 igne
828 2606 908 2671 cinis,

266 2695 319 2749 Sed
338 2699 429 2748 tamen
447 2695 581 2748 extinctas
601 2693 710 2747 admoto
729 2692 840 2761 sulpure
856 2691 980 2746 flammas

299 2780 420 2843 lnuenit‚
439 2780 588 2840 etlumen,
607 2778 682 2849 quod
701 2778 752 2832 fuit
771 2781 848 2843 ante,
867 2776 949 2840 redit,

265 2867 323 2932 Sic,
342 2867 387 2921 ubi
406 2865 485 2934 pigra
502 2866 555 2919 situ
574 2880 726 2934 securaque
744 2866 856 2933 pectora
874 2864 996 2932 torpent.

298 2951 413 3006 Acribus
432 2955 475 3006 est
493 2949 609 3006 stimulis
628 2949 776 3004 eliciendus
794 2963 878 3003 amor.
