2375 3575
463 385 511 420 aaa
523 386 664 421 mrem.
914 365 944 417 61

141 532 167 571 rs
180 518 238 572 Nec
256 519 349 571 umen
365 515 419 571 hae
435 518 541 570 mentes
557 518 654 571 nostra
670 519 820 586 poscuntur
836 516 872 572 ab
889 520 956 571 arte.

215 601 390 657 conueniunt
406 600 519 656 cumbae
536 600 600 656 uela
615 600 721 656 minora
738 616 824 655 meae.

179 687 222 741 Nil
241 686 295 743 nisi
311 685 408 741 lasciui
424 702 473 755 per
490 701 533 739 me
551 686 693 741 discuntur
710 702 825 742 amores.

214 772 329 826 Femina
345 771 510 842 praecipiam
527 786 582 842 quo
600 772 637 827 sit
653 772 772 827 amanda
787 771 876 827 modo.

179 857 295 917 Femina
311 873 362 913 nec
377 856 501 912 flamrnas
518 872 570 911 nec
586 872 686 913 saeuos
704 857 816 914 discutit
833 874 920 913 arcus.

141 960 166 999 ao
214 943 327 997 Parcius
343 942 412 997 haec
429 942 510 996 uideo
527 941 583 996 tela
600 958 697 998 nocere
713 942 787 997 uiris.

180 1028 272 1099 Saepe
289 1028 339 1083 uiri
356 1027 460 1092 fallunt,
479 1031 588 1087 tenerae
606 1044 659 1083 non
677 1044 761 1098 saepe
778 1027 898 1100 puellae,

213 1114 366 1183 Paucaque,
384 1113 408 1168 si
426 1128 549 1186 quaeras,
568 1113 680 1168 crimina
697 1113 801 1169 fraudis
817 1113 927 1169 habent.

180 1198 337 1253 Phasidiam
354 1202 468 1253 matrem
484 1198 568 1253 fallax
584 1198 688 1254 dimisit
707 1199 776 1255 Iaso.

215 1283 296 1338 Venit
312 1284 341 1337 in
358 1283 492 1339 Aesonios
509 1283 595 1339 altera
613 1289 698 1355 nupta
716 1285 801 1341 sinus
821 1326 824 1331 .

143 1386 167 1423 as
180 1370 319 1437 Quantum
335 1370 364 1424 in
379 1373 415 1436 te,
434 1370 548 1436 Theseu,
567 1369 691 1426 uolucres
708 1370 830 1426 Ariadna
847 1370 967 1427 marinas

214 1455 295 1509 Pauit
311 1455 339 1509 in
356 1456 450 1523 ignoto
468 1455 528 1509 sola
544 1455 640 1510 relicta
657 1455 726 1510 loco.

180 1543 297 1609 Quaere,
312 1557 410 1595 nouem
428 1556 476 1595 cur
491 1557 547 1595 uua
564 1541 626 1596 uiae
644 1542 776 1609 dicantur,
795 1545 823 1597 et
840 1542 904 1597 audi

213 1626 354 1697 Depositis
372 1624 457 1680 siluas
474 1625 598 1698 Phyllida
614 1626 695 1682 flesse
714 1628 807 1683 comis

178 1712 215 1767 Et
232 1711 333 1766 lamam
350 1712 461 1782 pietatis
479 1711 568 1778 habet,
587 1717 678 1767 tamen
696 1712 797 1783 hospes
816 1716 844 1768 et
862 1730 954 1769 ensem

141 1814 166 1852 ιο
214 1797 342 1853 Praebuit
358 1801 386 1852 et
404 1813 514 1852 causam
531 1798 633 1865 mortis,
652 1798 750 1866 Elissa,
768 1803 840 1854 tuae.

179 1884 251 1952 Quid
269 1899 320 1938 uos
337 1883 492 1953 perdiderit,
510 1883 617 1938 dicam?
635 1886 761 1941 nescistis
780 1902 880 1941 amare.
904 1885 907 1889 ’

214 1968 309 2023 Defuit
326 1985 370 2024 ars
387 1969 474 2024 uobis.
492 1973 550 2024 arte
567 1973 701 2039 perennat
719 1987 803 2025 amor.

178 2054 257 2108 Nunc
275 2070 384 2125 quoque
400 2054 543 2109 nescirent
562 2055 610 2109 sed
629 2071 672 2109 me
690 2056 824 2128 Cytherea
842 2056 940 2110 docere

213 2139 299 2194 lussit
316 2143 344 2194 et
360 2143 424 2194 ante
441 2141 535 2195 oculos
553 2140 676 2196 constitit
693 2141 755 2210 ipsa
774 2157 857 2195 meos.

145 2239 167 2278 rs
180 2224 249 2279 Tum
268 2224 333 2279 mihi
351 2225 425 2296 ‘quid
441 2225 565 2280 miserae’
583 2226 651 2280 dixit
667 2233 797 2282 ‘meruere
814 2226 938 2297 puellae?

214 2310 341 2364 Traditur
358 2311 468 2366 armatis
487 2311 584 2381 uulgus
602 2311 704 2396 inerme
721 2312 794 2367 uiris.

178 2395 243 2451 lllos
262 2395 379 2452 artifices
397 2396 498 2465 gemini
514 2397 604 2451 fecere
620 2395 709 2451 libelli.

211 2481 289 2536 Haec
306 2497 415 2552 quoque
432 2498 497 2552 pars
513 2482 624 2538 monitis
642 2482 790 2538 erudienda
807 2484 869 2538 tuis.

177 2567 282 2621 Probra
299 2566 493 2637 Therapnaeae
511 2567 557 2637 qui
575 2567 680 2622 dixerat
696 2571 761 2622 ante
778 2569 903 2635 maritae,

143 2667 166 2706 so
213 2653 277 2707 hlox
295 2652 392 2707 cecinit
408 2651 503 2706 laudes
520 2653 692 2724 prosperiore
709 2653 776 2726 lyra.

178 2738 208 2793 Si
226 2738 297 2793 bene
315 2741 342 2792 te
360 2738 423 2793 noui
443 2770 474 2779 -
493 2738 581 2793 cultas
599 2755 633 2793 us
651 2739 727 2794 laede
746 2738 853 2810 puellas
873 2771 912 2804 -,

214 2823 318 2890 Gratia,
336 2823 399 2878 dum
418 2824 504 2890 uiues,
521 2824 576 2879 ista
593 2824 711 2894 petenda
728 2824 820 2879 tibist!
