2375 3575
516 386 629 424 AMORES.

223 516 342 571 Muneris
360 516 445 571 oblati
462 517 631 586 paenituisse
650 515 726 569 deos.

191 601 326 671 Optabam
344 606 417 655 certe
433 602 526 671 recipi.
545 618 606 657 sum
624 616 722 669 nempe
739 605 876 670 receptus.

175 722 177 724 -
223 683 326 741 Oscula
342 687 419 740 ferre.
436 686 495 740 tuli.
512 686 651 763 proximus
671 701 739 740 esse.
757 685 805 738 fui.

189 772 249 839 Quo
268 771 333 824 mihi
350 771 477 825 fortunae
493 772 619 825 tantum?
639 766 693 840 quo
710 786 796 840 regna
814 771 872 824 sine
890 772 961 825 usu‘?

156 866 177 907 ⁵0
224 855 308 923 Quid,
328 855 381 910 nisi
398 856 509 925 possedi
529 856 607 911 diues
626 872 726 910 auarus
744 855 829 923 opes?

190 941 236 997 Sic
254 944 313 995 aret
330 941 426 996 mediis
444 941 520 995 taciti
540 941 666 1009 uulgator
684 942 711 994 in
730 941 823 1005 undis,

223 1025 369 1096 Pomaque,
389 1042 459 1096 quae
478 1026 551 1080 nullo
567 1031 689 1096 tempore
707 1028 815 1094 tangat,
834 1025 924 1080 habet.

187 1112 212 1165 A
231 1115 326 1165 tenera
344 1112 489 1181 qnisquam
508 1111 548 1165 sio
566 1112 654 1179 surgit
672 1126 752 1164 mane
771 1110 869 1179 puella,

223 1196 349 1250 Protinus
368 1201 398 1249 ut
416 1200 527 1251 sanctos
545 1197 634 1266 possit
653 1196 728 1249 adire
746 1195 831 1250 deos?

150 1294 174 1331 55
189 1281 246 1336 Sed
263 1287 342 1350 puto,
362 1297 416 1335 non
435 1280 536 1336 blanda
548 1298 577 1346 a,
598 1297 651 1334 non
670 1280 772 1350 optima
791 1280 910 1350 perdidit
927 1280 954 1333 in
967 1295 1011 1334 me

223 1365 342 1420 Oscula?
361 1382 414 1420 non
433 1367 505 1420 omni
525 1366 683 1421 sollicitauit
700 1366 770 1435 ope?

188 1450 239 1503 llla
256 1467 355 1519 graues
373 1452 464 1520 potuit
482 1440 600 1520 quereus
619 1451 820 1521 adamantaque
840 1450 936 1505 durum

223 1534 367 1606 Surdaque
385 1536 524 1591 blanditiis
543 1553 612 1590 saxa
629 1552 739 1590 mouere
757 1536 823 1590 suis.

188 1619 279 1690 Digna
296 1637 405 1675 mouere
424 1621 476 1675 fuit
494 1627 567 1675 certe
587 1621 721 1690 uiuosque
741 1621 878 1690 uirosque.

147 1717 173 1755 oo
223 1704 277 1759 Sed
296 1721 384 1776 neque
401 1710 458 1760 tum
478 1707 532 1760 uixi
557 1706 681 1771 nequir,
701 1710 731 1759 ut
749 1709 820 1772 ante,
839 1705 885 1759 lui.

188 1791 259 1858 Quid
277 1792 359 1857 iuuet,
379 1793 414 1846 ad
432 1793 530 1847 surdas
549 1792 573 1846 si
591 1796 685 1846 cantet
702 1791 831 1845 Phemius
850 1790 947 1845 aures?

222 1876 294 1944 Quid
312 1876 439 1931 miserum
457 1877 611 1948 Thamyran
630 1877 706 1946 pieta
724 1876 824 1930 tabella
840 1875 938 1929 iuuat?

186 1963 224 2015 At
242 1977 313 2031 quae
330 1978 385 2016 non
403 1963 489 2016 tacita
506 1962 621 2016 formaui
640 1961 741 2030 gaudia
759 1961 864 2014 mente!

222 2046 297 2113 Quos
317 2062 367 2114 ego
387 2062 440 2100 non
459 2047 524 2100 finxi
543 2047 721 2116 disposuique
741 2046 850 2100 modos!

147 2142 174 2180 eu
188 2131 287 2185 Nostra
303 2135 395 2186 tamen
413 2132 521 2186 iacuere
539 2132 614 2186 uelut
631 2134 806 2200 praemortua
824 2130 943 2185 membra

221 2216 355 2287 Turpiter,
375 2217 503 2271 hesterna
520 2217 691 2285 languidiora
708 2232 779 2270 rosa.
1004 2207 1007 2212 ’

186 2303 262 2370 Quae
280 2317 365 2367 nuno,
385 2317 462 2379 epe,
481 2302 576 2369 uigent
593 2302 788 2370 intempestiua
806 2300 967 2370 ualeatque,

220 2387 297 2441 Nono
315 2403 384 2454 opus
402 2392 555 2455 exposcunt
573 2385 752 2455 militiamque
770 2401 856 2440 suam.

186 2472 256 2540 Quin
275 2471 338 2526 istie
356 2471 516 2539 pudibunda
534 2471 621 2536 iaces,
641 2487 706 2540 pars
724 2471 845 2539 pessima
862 2469 960 2523 nostri!

146 2567 172 2604 ⁷⁰
222 2556 267 2611 Sic
285 2573 347 2611 sum
364 2557 493 2626 pollicitis
512 2564 610 2626 captus
629 2561 657 2610 et
674 2553 740 2609 ante'
756 2555 818 2609 tuis.

186 2643 228 2697 'l'u
247 2643 386 2696 dominum
404 2643 484 2697 fallis.
503 2657 553 2712 per
571 2647 598 2696 te
617 2641 769 2710 deprensus
787 2639 897 2694 inermis

220 2727 321 2782 Tristia
339 2744 400 2780 oum
420 2743 519 2795 magno
537 2727 638 2780 damna
655 2727 759 2796 pudore
777 2723 835 2778 tuli.

185 2813 265 2866 Hanc
283 2812 365 2867 etiam
383 2829 437 2866 non
457 2817 500 2866 est
517 2827 578 2865 mea
597 2811 745 2880 dedignata
762 2809 854 2880 puella
