2375 3575
548 480 657 514 arnonas.
939 460 984 510 125

253 610 318 665 llite
336 626 385 665 nec
402 610 431 664 iu
448 608 535 678 rigido
553 614 665 679 pectore
681 627 752 679 pone
770 617 860 681 eaput.

217 698 274 752 lliec
291 696 367 751 sinus
386 695 513 749 admittat
530 694 631 764 digitos
650 695 789 750 habilesue
807 697 932 767 papillae.

253 780 355 838 Oscula
373 780 517 850 praecipue
536 780 611 834 nulla
627 780 738 836 dedisse
756 781 832 837 uelis.

217 866 320 923 Oscula
337 868 361 921 si
379 865 493 929 dederis,
512 866 574 919 fiam
593 867 754 922 manifestus
772 874 887 931 amator,

176 966 203 1002 n·
252 953 289 1007 Et
306 952 394 1006 dicam
414 958 482 1005 ‘mea
499 952 579 1015 sunt,
598 951 761 1023 iniciamque
779 969 895 1007 manum.

219 1039 294 1093 llaec
311 1042 402 1091 tamen
420 1036 559 1105 aspiciam.
578 1037 628 1091 sed
647 1053 717 1107 quae
735 1039 803 1093 bene
821 1039 904 1108 pallia
922 1038 1018 1101 celant

252 1123 302 1177 llla
320 1122 386 1176 mihi
403 1122 477 1175 caeci
495 1138 579 1176 causa
597 1122 700 1177 timoris
720 1130 805 1177 erunt.

218 1209 273 1264 Nec
290 1207 384 1262 femori
403 1207 540 1261 committe
557 1208 651 1270 femur,
670 1224 721 1262 nec
738 1225 814 1262 crure
833 1209 954 1273 cohaere,

252 1294 308 1348 Nec
325 1299 447 1347 tenerum
467 1292 535 1346 duro
554 1309 614 1346 cum
633 1293 703 1361 pede
720 1294 801 1362 iunge
819 1295 924 1363 pedem.

181 1392 204 1428 tt·
219 1379 303 1433 llulta
321 1378 402 1432 miser
419 1378 508 1441 timeo,
528 1378 593 1449 quia
610 1378 663 1432 feei
681 1378 766 1433 multa
783 1385 915 1449 proteruo.

252 1463 431 1534 Exemplique
449 1467 521 1517 metu
539 1469 668 1533 torqueor
686 1480 748 1518 ecce
766 1465 825 1518 mei.

219 1553 308 1619 Saepe
326 1549 391 1603 mihi
408 1548 588 1619 dominaeque
607 1565 683 1603 meae
701 1554 847 1620 properata
866 1550 992 1621 uoluptas

251 1634 334 1689 Veste
351 1635 402 1689 sub
419 1634 519 1689 iniecta
536 1634 615 1688 dulce
632 1636 737 1704 peregit
755 1652 831 1704 opus.

158 1785 163 1792 ι
219 1721 277 1776 lloc
294 1726 325 1774 tu
343 1735 396 1774 non
414 1718 507 1775 iacies.
525 1720 574 1774 sed
592 1736 627 1773 ne
644 1720 742 1775 iecisse
761 1721 876 1791 puteris,

179 1820 202 1851 ³¹·
251 1805 369 1861 Conscia
386 1805 420 1859 de
437 1809 515 1876 tergo
533 1805 617 1875 pallia
635 1807 713 1860 deme
731 1813 786 1860 tuo.

217 1893 263 1946 Vir
280 1891 356 1946 bibat
373 1906 460 1960 usque
477 1906 552 1960 roga.
571 1892 697 1960 precibus
715 1896 805 1946 tamen
825 1892 919 1946 oscula
937 1892 1034 1946 desint.

251 1977 376 2046 Dumque
393 1976 468 2040 bibit
487 1976 587 2040 furtim,
607 1978 637 2030 si¹
649 1981 736 2046 potes,
755 1977 825 2031 adde
843 1994 954 2031 merum.

216 2064 245 2118 Si
263 2063 332 2117 berre
351 2062 508 2129 conpositus
527 2078 622 2116 somno
641 2063 759 2131 uinoque
777 2062 887 2121 iacebit,

250 2146 401 2201 Consilium
418 2147 497 2202 nobis
514 2163 613 2216 resque
631 2147 762 2218 locusque
780 2147 890 2201 dabunt.

176 2246 187 2278 5·
215 2235 285 2288 Cum
305 2248 400 2300 surges
420 2233 527 2288 abitura
544 2232 662 2296 domum,
683 2248 824 2301 surgemus
843 2242 994 2295 morines,

251 2318 281 2373 ln
301 2318 416 2372 medium
435 2318 530 2373 turbae
548 2318 592 2372 fac
610 2333 712 2371 memor
729 2334 824 2385 agmen
844 2336 899 2373 eas.

216 2404 331 2473 Agmine
350 2420 392 2457 me
410 2403 532 2457 inuenies
550 2407 599 2457 aut
616 2403 762 2457 inuenietis
780 2404 806 2456 in
826 2403 879 2458 illo,

251 2488 388 2558 Quidquid
404 2487 440 2542 ibi
458 2490 560 2557 poteris
578 2494 703 2557 tangere,
723 2495 804 2557 tange
823 2489 883 2543 mei.

217 2574 260 2628 lle
278 2573 417 2628 miserum!
436 2574 534 2637 monui,
553 2589 658 2642 paucas
677 2572 751 2643 quod
768 2574 854 2642 prosit
872 2574 899 2628 in
917 2575 1005 2628 limas¹

175 2676 202 2704 u·
256 2657 374 2728 Separor
392 2676 409 2712 a
425 2658 536 2713 domina
554 2664 634 2713 nocte
652 2659 763 2714 iubente
781 2675 848 2713 mea.

216 2745 301 2798 Nocte
320 2744 361 2797 uir
378 2743 509 2799 includet:
524 2743 641 2798 lacrimis
659 2761 711 2813 ego
730 2749 850 2799 maestus
869 2745 903 2799 ab
922 2745 999 2807 ortis,

252 2829 313 2897 Qua
329 2828 400 2893 licet
419 2829 455 2883 ad
473 2845 572 2883 saeuas
591 2845 741 2900 prosequar
760 2846 846 2901 nsque
864 2829 945 2884 fores.

216 2913 320 2968 Oscula
335 2914 390 2968 iam
408 2918 506 2968 sumet.
523 2915 577 2968 iam
596 2931 650 2969 non
668 2919 774 2970 tautum
792 2915 887 2970 oscula
904 2921 1000 2970 sumet.
