2375 3575
236 476 269 529 32>
530 499 577 533 ans
591 498 730 534 sunnonis.

237 628 278 683 Nil
296 628 347 682 nisi
367 632 445 698 turpe
464 628 547 682 iuuat.
568 644 649 682 curae
667 644 718 682 sua
737 628 834 698 cuique
853 628 990 699 uoluptas.

187 732 225 770 mo
272 714 348 767 Haec
366 728 476 783 quoque
494 713 528 767 ab
546 713 657 768 alterius
675 718 753 782 grata
772 714 864 768 dolore
882 716 966 769 uenit.

238 800 300 854 Heu
318 799 437 853 facinus!
457 815 510 852 non
530 804 573 853 est
591 800 677 853 hostis
697 800 857 854 metuendus
877 800 986 854 amanti.

271 885 345 952 Quos
365 884 453 938 credis
471 884 554 947 fidos,
573 884 673 953 effuge,
693 888 769 938 tutus
788 886 849 938 eris.

238 972 389 1038 Cognatum
408 969 573 1039 fratremque
592 985 659 1023 caue
678 956 824 1039 carumque
843 970 972 1025 sodalem.

272 1056 416 1109 Praebebit
435 1071 514 1108 ueros
533 1055 602 1108 haec
619 1055 666 1109 tibi
686 1055 767 1109 turba
785 1059 880 1109 metus.

188 1158 226 1196 ms
240 1140 377 1195 Finiturus
397 1156 477 1194 eram.
498 1140 547 1194 sed
566 1145 630 1195 sunt
649 1141 756 1194 diuersa
774 1140 871 1211 puellis

272 1225 393 1279 Pectora.
412 1225 483 1279 mille
502 1226 607 1279 animos
626 1226 720 1295 excipe
739 1225 809 1279 mille
829 1226 925 1280 modis.

238 1312 293 1366 Nec
310 1310 390 1365 tellus
409 1311 503 1364 eadem
521 1311 594 1380 parit
612 1311 710 1365 omnia,
732 1311 832 1366 uitibus
850 1310 897 1364 ilia

273 1397 417 1451 Conuenit.
435 1396 503 1450 haec
521 1396 596 1450 oleis.
615 1396 667 1449 hac
685 1396 752 1450 bene
772 1395 844 1449 farra
862 1396 959 1450 uirent.

239 1482 396 1537 Pectoribus
417 1498 505 1536 mores
523 1485 565 1536 tot
583 1485 661 1544 sunt,
681 1484 748 1551 quot
766 1482 793 1535 in
812 1482 876 1536 orbe
894 1481 1003 1551 figurae.

188 1594 226 1632 750
274 1568 325 1635 Qui
344 1567 429 1635 sapit,
448 1567 594 1621 innumeris
608 1567 726 1621 moribus
745 1573 826 1636 aptus
845 1568 903 1633 crit
957 1579 960 1584 “

239 1652 327 1722 thue
345 1652 421 1706 leues
439 1651 552 1706 Proteus
570 1652 651 1706 modo
670 1668 700 1707 se
717 1652 841 1707 tenuabit
858 1652 885 1705 in
904 1653 1000 1715 undas,

271 1736 348 1792 Nunc
365 1736 420 1801 ico,
440 1754 511 1793 nunc
529 1739 621 1805 arbor,
641 1755 712 1794 nunc
731 1738 781 1792 erit
799 1738 885 1793 hirtus
904 1755 977 1809 aper.

169 1874 170 1878 ,
239 1824 289 1879 liic
306 1824 395 1879 iaculo
414 1825 515 1894 pisces,
534 1825 581 1878 itia
599 1825 741 1894 capiuntur
760 1825 794 1879 ab
806 1824 902 1886 hamis,

272 1911 323 1964 Hic
341 1926 409 1965 caua
427 1915 553 1965 contento
571 1911 640 1965 retia
657 1911 721 1964 fune
739 1898 858 1964 trahunt.

187 2021 224 2058 755
238 1998 292 2051 Nec
308 1997 358 2052 tibi
376 1997 518 2051 conueniet
536 2001 649 2051 cunctos
669 1997 763 2050 modus
785 2012 853 2050 unus
873 1995 908 2050 ad
928 2011 1024 2050 anuos.

273 2083 391 2151 Longius
409 2083 522 2137 insidias
542 2098 625 2136 cerua
644 2082 745 2136 uidebit
764 2098 840 2135 anns.
872 2111 875 2126 ι

239 2169 267 2222 Si
286 2169 384 2223 doctus
403 2168 511 2222 uideare
530 2168 587 2221 rudi
602 2167 765 2236 petulansue
782 2166 904 2236 pudenti,

272 2253 383 2307 Diffidet
402 2253 515 2307 miserae
534 2253 658 2322 protinus
677 2252 723 2306 illa
742 2252 801 2306 sibi.

239 2339 304 2393 Inde
322 2340 365 2402 fit,
384 2342 427 2404 ut,
447 2353 517 2408 quae
536 2354 565 2392 sc
583 2338 672 2392 timuit
691 2337 859 2391 committere
877 2336 1001 2402 honesto,

188 2451 227 2490 rto
274 2423 340 2478 Vilis
359 2424 394 2478 ad
413 2424 555 2493 amplexus
574 2422 709 2477 inferioris
729 2425 779 2476 eat.

239 2510 306 2564 Pars
323 2515 437 2580 superat
455 2509 557 2579 coepti,
576 2525 641 2578 pars
661 2513 703 2563 est
721 2507 855 2562 exhausta
872 2506 982 2561 laboris.

273 2594 325 2649 Hic
342 2598 436 2650 teneat
454 2600 562 2649 nostras
580 2609 680 2648 ancora
698 2593 770 2646 iacta
789 2595 871 2647 rates.

546 2803 750 2813 —unu
