2375 3575
299 429 329 481 16
576 451 623 485 m
639 452 776 485 lundonia.

296 582 320 634 lt
337 595 428 635 comes
446 579 584 635 armentis.
603 595 654 634 nec
670 580 768 633 ituram
788 594 853 633 cura
870 585 992 636 moratur

329 664 467 734 Coniugis.
487 669 515 719 et
532 665 619 719 Minos
637 682 655 718 a
672 665 742 720 boue
761 666 849 720 uictus
867 668 933 720 erat.

295 751 354 817 Quo
371 750 433 815 tibi,
451 749 598 819 Pasiphae,
617 750 751 818 pretiosas
770 765 876 804 sumere
894 751 1004 805 uestes?

327 834 375 889 ille
392 837 457 891 tuns
474 834 563 889 nullas
581 835 665 889 sentit
682 834 788 888 adulter
805 850 880 904 opes.

244 931 282 970 ³0⁵
297 920 368 987 Quid
384 918 435 975 tibi
452 935 513 974 cum
531 920 643 989 speculo
662 923 792 974 montana
809 923 932 974 armenta
950 920 1051 989 petenti

330 1004 401 1072 Quid
417 1005 519 1059 totiens
537 1005 643 1074 positae
661 1005 753 1073 fingis,
773 1005 877 1074 inepta,
897 1005 1008 1060 comas?

294 1090 381 1143 Orede
397 1092 489 1143 tamen
502 1089 625 1159 speculo,
645 1090 719 1160 quod
736 1093 764 1143 te
783 1094 865 1158 negat
883 1106 944 1144 esse
961 1090 1051 1145 iuueni

328 1174 414 1242 Quam
433 1190 547 1244 cuperes
564 1174 647 1230 fronti
665 1191 767 1229 cornua
785 1180 850 1229 nata
867 1175 948 1229 tuae!

294 1259 358 1313 Siue
376 1259 466 1328 piacet
483 1259 582 1324 Minos,
602 1260 692 1314 nullus
711 1266 856 1331 quaeratur
874 1259 993 1325 adulter,

243 1355 280 1393 ³¹0
329 1344 392 1399 Siue
410 1345 499 1398 uirum
517 1343 728 1409 medietatem,
748 1344 812 1399 falle
830 1345 897 1399 niro.

294 1429 324 1482 In
342 1444 438 1483 nemus
456 1433 485 1483 et
502 1429 588 1484 saltus
606 1429 726 1483 thalamo
744 1429 840 1498 regina
856 1428 951 1483 relicto

327 1514 424 1569 Fertur
440 1517 472 1568 ut
488 1514 577 1569 Aonie
596 1515 703 1568 concita
721 1514 825 1568 baccha
842 1514 902 1569 deo.

293 1602 324 1664 Α,
343 1599 469 1669 quotiens
486 1615 599 1654 naccam
618 1598 695 1653 uultu
714 1599 851 1668 spectauit
867 1599 975 1669 iniquo,

289 1723 291 1727 Α
327 1683 362 1737 Et
379 1683 447 1738 dixit
466 1684 584 1738 ‘domino
602 1699 649 1738 cur
667 1684 757 1753 placet
773 1684 828 1739 ista
845 1684 924 1738 meo?

242 1778 279 1818 315
294 1770 404 1839 Aspice,
422 1773 454 1823 ut
470 1772 534 1823 ante
550 1768 641 1839 ipsum
659 1769 881 1825 teneris-exultet
897 1768 925 1823 in
944 1769 1041 1826 herbis.

325 1854 381 1908 Nec
398 1854 504 1919 dubito,
523 1855 589 1925 quin
608 1871 639 1910 se
656 1855 741 1909 stulta
758 1855 854 1909 decere
872 1855 967 1923 putet‘

290 1939 377 2005 Dixit,
396 1945 425 1994 et
440 1940 544 2008 ingenti
562 1939 720 1995 iamdudum
738 1940 772 1993 de
790 1954 873 2008 grege
891 1939 953 1994 duci

324 2024 408 2079 lussit
425 2027 454 2079 et
470 2025 621 2079 inmeritam
640 2025 691 2078 snb
708 2024 773 2092 iuga
791 2039 875 2078 curua
891 2024 974 2090 trahi,

291 2112 346 2164 Aut
365 2109 463 2164 cadere
482 2113 545 2163 ante
563 2125 626 2164 aras
645 2115 852 2179 commentaque
870 2125 949 2164 sacra
966 2123 1015 2163 cce

240 2201 278 2242 aaa
325 2195 361 2248 Et
378 2195 467 2249 tenuit
483 2194 557 2249 laeta
573 2194 669 2264 pelicis
688 2199 751 2248 exta
769 2210 859 2247 manu.
959 2203 967 2224 ·

289 2279 424 2335 Pelicibus
442 2280 569 2350 quotiens
587 2278 707 2349 placauit
725 2279 837 2333 numina
854 2278 955 2343 caesis,

325 2367 415 2435 Atque
432 2366 473 2420 ait
488 2368 553 2419 exta
570 2368 668 2419 tenens
687 2364 743 2428 ite,
762 2362 868 2432 placete
887 2363 968 2417 mecl'

290 2448 326 2502 Et
344 2449 424 2504 modo
442 2465 472 2504 se
490 2450 619 2519 Europen
636 2450 706 2514 fieri,
726 2449 807 2503 modc
825 2448 947 2518 postulat
963 2446 988 2502 Ic

323 2534 418 2589 Altera
435 2535 510 2605 quod
526 2535 576 2590 bns
594 2536 649 2599 est,
668 2533 754 2588 altera
770 2536 851 2587 necta
869 2532 947 2587 boue.

240 2625 278 2664 ³25
291 2617 368 2674 Hanc
384 2622 476 2673 tamen
492 2617 628 2688 impleuit,
647 2633 733 2672 uacca
750 2617 882 2687 deceptus
900 2633 974 2672 acen

323 2702 385 2757 Dux
401 2703 506 2774 gregis,
525 2707 553 2757 et
570 2707 666 2772 partus
683 2701 808 2772 proditus
826 2705 922 2757 auctor
938 2718 967 2758 er

290 2788 389 2842 Cressa
406 2786 542 2860 Thyesteo
560 2789 584 2843 si
602 2803 633 2843 se
650 2787 829 2842 abstinuisset
846 2776 938 2843 amore
956 2819 959 2827 ι

323 2873 354 2937 Α,
374 2876 533 2942 quantumst
549 2873 597 2927 uni
614 2888 697 2942 posse
714 2871 823 2941 placere
840 2872 899 2927 uiro
917 2902 950 2941 ,-
