2375 3575
469 395 515 429 uns
529 396 668 430 unaucurt.
706 445 708 449 Ι
918 372 951 427 95

180 526 307 589 Horruit,
327 528 358 579 ut
375 524 474 580 sterilis
493 525 579 593 agitat
598 540 666 595 quas
684 527 781 579 uentus
800 525 898 580 austae
906 567 915 591 „

219 610 254 664 Vt
271 610 339 665 leuis
357 610 385 664 in
403 610 511 664 madida
529 626 617 665 canna
634 609 733 680 palude
751 610 848 664 tremit.

129 709 166 747 ⁵55
181 695 235 750 (lui
253 696 320 750 deus
339 700 389 761 ‘en‚
408 696 504 749 adsum
521 695 570 750 tibi
588 710 653 749 cura
671 694 782 749 fidelior’
799 695 899 765 inquit,

218 780 300 834 ‘Pone
318 784 426 835 metum.
444 780 556 846 Bacchi,
576 774 705 845 Gnosius,
724 796 792 834 uxor
810 781 870 835 eris.

181 866 281 919 Mumus
299 865 369 920 habe
387 865 498 920 caelum.
511 865 592 943 caelo
612 865 769 935 spectabere
788 864 870 920 sidus.

218 950 308 1020 Saepe
325 955 401 1020 reget
419 951 527 1006 dubiam
545 950 645 1005 Cressa
663 967 763 1005 corona
780 951 883 1005 ratem'

182 1035 270 1102 Dixit,
290 1041 318 1090 et
335 1052 350 1089 e
369 1051 460 1102 curru,
479 1052 514 1090 ne
531 1037 616 1106 tigres
634 1035 680 1089 illa
696 1036 814 1102 timeret,

129 1134 168 1173 seo
216 1121 322 1175 Desilit.
341 1121 460 1192 inposito
479 1121 562 1176 cessit
579 1121 681 1175 harena
698 1120 769 1189 pedi.

181 1207 398 1277 Implicitamque
410 1207 473 1261 sinu
485 1239 516 1246 —
530 1222 618 1276 neque
631 1206 701 1260 enim
712 1220 835 1275 pugnare
846 1206 956 1261 ualebat
969 1237 1000 1245 -

215 1292 344 1347 Abstulit.
362 1293 391 1347 in
408 1292 509 1346 faoilist
527 1294 619 1363 omnia
635 1306 718 1360 posse
737 1290 796 1344 deo.

180 1377 249 1432 Pars
258 1378 429 1449 ‘Hymenaee’
443 1382 554 1442 canunt,
567 1392 632 1446 pars
641 1373 759 1431 clamant
770 1374 876 1430 Euhion
886 1375 1001 1431 ‘euhoel’

217 1462 263 1518 Sic
281 1468 380 1517 coeunt
397 1479 475 1517 sacro
494 1466 580 1532 nupta
599 1462 720 1531 deusque
738 1464 806 1515 toro.

129 1560 165 1598 sca
180 1548 255 1617 Ergo
273 1549 319 1603 ubi
338 1548 499 1617 contigerint
517 1547 601 1618 positi
618 1546 667 1601 tibi
686 1562 796 1601 munera
813 1546 924 1612 Bacchi,

215 1636 306 1704 Atque
325 1634 375 1688 erit
392 1634 419 1686 in
437 1633 503 1688 socii
521 1632 622 1686 femina
639 1635 716 1702 parte
733 1632 797 1698 tori,

179 1719 385 1791 Nycteliumque
403 1722 509 1789 patrem
528 1723 715 1788 nocturnaque
735 1733 814 1772 sacra
830 1733 955 1788 precare,

214 1804 255 1859 Ne
273 1805 384 1860 iubeant
402 1805 485 1874 capiti
504 1805 568 1858 uiua
586 1821 683 1859 nocere
701 1808 757 1858 tue.

179 1890 233 1944 Hic
250 1890 300 1944 tibi
318 1891 402 1944 multa
419 1889 482 1944 licet
500 1906 625 1944 sermone
642 1889 756 1944 latentia
774 1892 848 1943 tecto

129 1987 166 2025 tro
215 1975 324 2040 Dicere,
344 1991 415 2045 quae
433 1975 486 2029 dici
505 1976 606 2030 sentiat
624 1974 670 2029 illa
688 1975 751 2041 sibi,

180 2060 386 2130 Blanditiasque
403 2061 478 2115 leues
495 2061 571 2116 tenui
589 2061 756 2131 perscribere
773 2060 850 2126 uino,

215 2145 251 2199 Vt
268 2145 404 2200 dominam
422 2146 450 2200 in
468 2162 563 2200 mensa
580 2162 610 2201 se
627 2146 701 2217 legat
717 2145 764 2200 illa
780 2149 869 2210 tuam,

179 2234 271 2301 Atque
289 2231 383 2285 oculos
401 2231 486 2286 oculis
504 2235 629 2300 spectare
647 2231 795 2287 latentibus
813 2231 910 2302 ignem.

215 2315 305 2387 Saepe
322 2319 416 2371 tacens
435 2333 529 2371 uocem
548 2318 685 2388 uerbaque
703 2317 796 2372 uultus
812 2316 904 2371 habet.

131 2412 166 2451 sia
179 2402 238 2457 Fac
254 2402 358 2473 primus
376 2403 467 2472 rapias
485 2402 556 2457 illius
574 2406 649 2457 tacta
666 2403 770 2459 labellis

213 2487 327 2552 Pocula,
348 2503 456 2558 quaque
473 2488 540 2542 bibit
557 2493 636 2558 parte
653 2488 756 2559 puella,
774 2488 859 2544 bibas.

179 2574 213 2628 Et
233 2589 431 2643 quemcumque
450 2573 537 2628 cibum
556 2573 648 2642 digitis
667 2574 793 2629 libauerit
811 2573 869 2641 illa,

213 2659 344 2729 Tu-pete.
364 2658 482 2730 dumque
500 2663 589 2729 petes
609 2660 646 2715 sit
663 2660 712 2715 tibi
730 2663 804 2715 tacta
822 2677 926 2716 manus.

179 2744 240 2799 Sint
257 2745 340 2798 etiam
357 2747 406 2799 tua
423 2749 489 2799 uota
506 2746 564 2799 uiro
582 2745 719 2815 placuisse
737 2746 852 2815 puellae.

131 2837 166 2876 ⁵⁸0
213 2831 307 2886 Vtilior
325 2830 404 2886 uobis
421 2830 511 2885 lactus
530 2830 633 2886 amicus
652 2831 709 2886 erit.
