2375 3575
535 489 646 523 amorreis.
929 466 974 517 147

165 644 189 680 sn
203 621 310 689 Collige
330 636 389 674 cum
409 619 486 673 uultu
504 619 634 673 mentem!
653 617 804 687 reparabile
823 618 985 686 damnumst

238 706 387 761 Postmodo
405 704 501 759 natiue
518 703 686 772 conspiciere
703 719 789 758 corna.

556 926 629 993 XV.

203 1047 278 1115 Quid
295 1046 369 1111 mihi,
387 1046 457 1100 liuor
474 1046 551 1110 edax,
570 1048 687 1115 ignauos
706 1043 791 1098 obicis
810 1060 909 1109 annos,

240 1132 400 1201 Ingeniique
418 1147 503 1185 uocas
523 1146 631 1184 carmen
649 1130 742 1184 inertis
761 1129 849 1198 opus?

204 1218 266 1271 Non
284 1233 327 1270 me
343 1232 418 1270 more
437 1220 552 1284 patrum,
572 1216 636 1269 dum
655 1218 768 1270 strenua
786 1214 904 1270 sustinet
922 1217 1011 1279 aetaS,

239 1301 365 1357 Praemia
382 1302 494 1355 militiae
511 1300 701 1370 puluerulenta
719 1301 797 1370 sequi

179 1388 263 1442 sNec
281 1403 324 1439 me
342 1387 473 1442 uerbosas
492 1388 567 1454 leges
586 1386 707 1440 ediscere
725 1402 776 1440 nec
794 1403 836 1440 me

240 1473 352 1540 Ingrato
370 1488 464 1526 uocem
482 1471 657 1541 prostituisse
676 1471 744 1525 foro.

204 1556 353 1622 Mortalest,
373 1557 448 1627 quod
465 1557 582 1626 qnaeris,
603 1572 680 1625 opus.
700 1556 764 1609 mihi
783 1556 857 1611 fama
875 1557 1002 1627 perennis

240 1642 392 1709 Quaeritur,
411 1642 440 1695 in
458 1646 516 1696 toto
535 1657 644 1710 semper
662 1644 692 1695 ut
710 1642 773 1696 orbe
793 1658 883 1696 canat.

205 1728 287 1782 Viuet
304 1727 467 1793 Maeonides,
487 1726 612 1780 Tenedos
632 1726 696 1780 dum
714 1727 798 1782 stabit
816 1731 844 1781 et
860 1727 915 1793 lde,

165 1833 192 1869 ro
240 1813 313 1868 Dum
330 1813 442 1882 rapidas
461 1811 560 1867 Simois
578 1812 607 1865 in
624 1829 698 1866 mare
717 1812 810 1867 uoluet
828 1828 923 1883 aquas.

207 1899 288 1953 Viuet
306 1901 334 1952 et
351 1901 495 1963 Ascraeus,
515 1898 579 1951 dum
598 1898 696 1951 mustis
715 1915 769 1951 uua
787 1899 908 1964 tumebit,

241 1983 313 2038 Dum
332 1983 413 2037 cadet
429 1985 543 2037 incuruo
553 1977 630 2036 'falce
649 1986 756 2037 resecta
774 1999 857 2037 ceres.

205 2069 349 2124 Battiades
367 2083 475 2137 semper
492 2073 551 2121 toto
570 2067 724 2121 cantabitur
742 2068 815 2123 orbe.

235 2153 374 2221 ‘Quamuis
392 2153 501 2221 ingenio
519 2168 572 2206 non
592 2152 678 2217 ualet,
698 2156 757 2206 arte
776 2154 857 2208 ualet.

170 2255 193 2292 15
207 2238 288 2293 Nulla
306 2237 459 2308 Sophocleo
478 2238 570 2292 ueniet
586 2239 692 2292 iactura
710 2238 850 2293 cothurno.

243 2323 311 2378 Cum
330 2323 388 2378 sole
405 2327 433 2377 et
450 2323 515 2378 luna
533 2339 640 2393 semper
658 2324 759 2378 Aratus
777 2324 837 2378 erit.

206 2410 280 2464 Dum
297 2408 381 2462 salla-x
399 2424 496 2462 seruus
514 2408 599 2463 durus
617 2413 696 2478 pater
713 2409 837 2478 improba
854 2410 917 2464 lena

242 2494 342 2548 Vident
360 2497 388 2548 et
405 2494 531 2547 meretrix
548 2493 656 2559 blanda,
675 2494 838 2549 Menandros
857 2496 915 2549 erit.

206 2578 314 2634 Ennius
333 2582 391 2633 arte
410 2595 505 2633 carens
525 2579 694 2650 animosique
713 2581 804 2634 Attius
822 2581 876 2634 oris

169 2677 194 2716 eo
244 2665 378 2719 Casurum
396 2663 470 2718 nullo
487 2668 611 2734 tempore
629 2681 728 2720 nomen
746 2664 854 2719 habent.

206 2750 357 2805 Varronem
374 2749 545 2819 primamque
562 2753 650 2804 ratem
669 2765 739 2820 quae
758 2750 862 2804 nesciet
879 2755 956 2805 aetas

242 2837 389 2905 Aureaque
406 2835 526 2889 Aesonio
544 2838 624 2904 terga
640 2835 728 2904 petita
745 2835 825 2889 duci?

207 2919 339 2977 Gannina
355 2919 478 2975 sublimis
495 2923 562 2974 tunc
579 2925 646 2974 sunt
661 2920 783 2990 peritura
798 2919 918 2986 Lucreti,

837 3024 879 3064 io*
