2375 3575
240 462 287 513 140
453 442 456 447 Ι
563 484 672 518 anonas.

236 614 327 683 Turpe
344 630 406 667 reos
424 617 516 681 empta
533 614 647 667 miseros
667 612 812 666 defendere
829 612 932 682 lingue

197 713 222 747 m
271 698 349 765 Quod
366 698 450 751 faeiat
469 714 582 767 magnas
600 700 680 766 turpe
697 697 819 752 tribunal
836 715 912 768 opes.

236 784 326 852 'l'nrpe
344 783 395 836 tori
413 783 500 836 reditu
520 798 619 837 census
637 798 739 851 augere
755 787 888 852 paternos

270 867 305 921 Et
322 867 419 921 faciem
437 866 512 920 luero
530 866 704 936 prostituisse
723 884 810 921 suam.

237 952 331 1007 Gratia
348 968 397 1021 pro
417 952 497 1006 rebus
516 951 611 1005 merito
629 951 742 1006 debetur
759 952 898 1022 inemptis.

270 1038 321 1090 Pro
340 1037 410 1090 male
428 1037 563 1090 conducto
582 1036 671 1105 gratia
689 1036 764 1090 nulla
782 1042 851 1091 tore.

198 1138 223 1172 aa
238 1122 335 1175 llrnnia
352 1123 500 1175 conductor
519 1120 609 1175 soluit.
629 1121 752 1174 mercede
772 1121 863 1175 soluta

270 1207 328 1259 Non
348 1211 439 1259 manet
457 1205 547 1259 offielo
566 1205 672 1259 debitor
689 1205 733 1259 ille
751 1210 808 1259 tuo.

237 1292 349 1354 Parcite,
368 1291 512 1356 formosae,
531 1290 645 1359 pretium
665 1306 713 1359 pru
733 1294 813 1344 noete
831 1292 946 1360 paoisel.

270 1376 328 1428 don
347 1376 429 1430 habet
448 1381 562 1429 euentus
582 1374 693 1429 sordida
712 1375 816 1444 praeda
832 1376 930 1431 bonos.

236 1461 294 1514 Non
313 1460 365 1514 fuit
383 1459 502 1514 armillas
519 1458 589 1512 tanti
608 1460 748 1529 pepigisse
767 1461 895 1524 Sabinas,

199 1562 222 1597 m
270 1545 304 1599 vt
322 1552 475 1615 premerent
493 1559 587 1601 sacrae
607 1544 720 1613 uirginis
737 1562 813 1599 arma
830 1550 924 1616 eaput.

237 1632 257 1684 l]
277 1631 374 1700 quibus¹
393 1632 496 1685 exierat
512 1632 620 1686 traiecit
638 1630 744 1685 uiscera
761 1630 832 1685 ferro

271 1716 362 1769 l'ilius.
382 1720 410 1769 et
427 1733 531 1785 poenae
549 1734 633 1771 eausa
652 1715 750 1770 monile
768 1715 827 1770 fuit

238 1802 291 1855 Neo
309 1810 400 1855 tamen
419 1791 587 1870 indignumst
605 1819 623 1856 a
640 1802 726 1856 diuite
743 1801 866 1871 praemia
883 1803 972 1872 posci.

269 1886 381 1940 Munera
399 1887 521 1955 poscenti
541 1887 615 1956 quod
634 1888 700 1941 dare
717 1889 819 1957 possit,
838 1887 931 1942 habet.

199 1986 222 2018 fn
236 1972 345 2039 Carpite
364 1971 397 2025 de
416 1971 503 2040 plenis
522 1972 674 2040 pendentes
693 1971 794 2026 nitibus
814 1989 891 2037 urnas,

271 2057 402 2111 Praebeat
420 2056 524 2110 Alcinoi
543 2074 625 2126 poma
645 2057 777 2125 benignus
796 2073 869 2124 ager.

236 2142 361 2196 Officium
379 2158 483 2211 pauper
501 2146 625 2196 numerat
643 2142 818 2211 studiumque
835 2142 981 2212 fidemque.

269 2227 347 2294 Quod
366 2228 426 2296 quis
445 2227 533 2291 habet,
553 2227 679 2281 dominae
698 2228 821 2280 conferat
837 2244 918 2281 omne
937 2243 1014 2282 snae.

235 2311 285 2365 Est
303 2327 411 2380 quoqne
430 2311 593 2366 carminibus
612 2312 723 2366 meritas
741 2311 877 2366 celebrare
896 2312 1003 2382 puellas

197 2412 221 2440 νυ)
269 2397 325 2450 llos
345 2414 412 2450 mea.
433 2414 514 2466 quarn
532 2397 615 2461 uolui,
636 2401 701 2450 nota
718 2397 748 2450 fit
766 2401 824 2451 arte
842 2413 911 2452 mea.

236 2481 398 2535 soirrdeutur
417 2488 515 2541 uestes,
535 2498 658 2549 gemmae
676 2481 834 2550 frangentur
852 2486 880 2536 et
898 2499 1002 2536 aurum.

269 2567 395 2620 Carmina
414 2584 493 2636 quam
513 2568 639 2632 tribuent,
658 2567 732 2621 fama
749 2567 878 2636 perennis
894 2567 954 2621 erit.

235 2651 287 2704 Ner·
307 2652 372 2705 dare
390 2654 438 2706 sed
458 2652 571 2721 pretium
592 2652 668 2722 posci
689 2652 823 2720 dedignor
841 2656 870 2705 et
887 2651 942 2705 odi.

269 2737 347 2802 Quod
366 2754 435 2804 nego
455 2739 584 2806 poscenti,
605 2737 698 2791 desine
718 2738 793 2797 uelle
814 2737 885 2791 dabo
