2375 3575
230 469 278 522 190
376 492 378 498 ·
554 491 662 525 enonas.

227 622 297 676 Sunt
313 621 363 676 tibi
382 637 488 690 magna,
507 636 581 689 puer,
601 620 766 689 nimiumque
783 621 911 689 potentia
926 637 1001 691 regna

260 707 315 761 Gur
332 723 402 777 opus
421 705 551 770 adiectas,
569 704 720 769 ambitiose,
740 705 860 758 nouum?

192 807 213 843 m
226 795 276 857 An,
295 791 369 861 quod
387 791 494 861 ubique,
513 789 634 843 tuumst?
651 794 701 843 tua
713 792 777 843 sunt
788 789 934 845 Heliconia
950 797 1001 846 tem

260 876 310 931 Vix
328 876 409 931 etiam
426 876 537 930 Phoebo
554 863 608 928 iam
626 873 684 945 lyra
701 878 768 928 tuta¹
779 876 877 930 suast?

227 962 293 1017 Cum
312 962 380 1016 bene
398 961 515 1015 surrexit
534 976 613 1014 uersu
632 976 704 1013 noua
721 960 824 1029 pagina
841 962 938 1030 primo,

260 1049 392 1101 Attenuat
410 1062 509 1100 neruos
527 1045 666 1115 proximus
684 1044 729 1099 ille
748 1061 831 1100 meos.

226 1133 281 1187 Neo
299 1132 363 1185 mihi
381 1130 521 1185 materiast
539 1130 657 1185 numeris
675 1130 822 1186 leuioribus
841 1135 916 1201 apta,

188 1232 213 1269 ‘ro
260 1221 313 1271 Aut
330 1232 397 1286 puer
415 1220 463 1270 aut
479 1216 576 1284 longas
594 1218 704 1285 compta
720 1214 813 1284 puella
830 1217 941 1271 eomas!

226 1302 344 1369 Questus
363 1318 445 1355 eram.
463 1300 670 1371 pharetratum
689 1300 814 1369 protinus
832 1300 878 1356 ille
897 1300 989 1357 soluta

260 1387 339 1456 Legit
355 1386 383 1441 in
401 1386 510 1441 exitium
528 1386 635 1455 spicula
652 1384 727 1439 faeta
744 1392 848 1452 meum,'

225 1473 396 1543 Lunauitque
414 1487 486 1541 genu
504 1472 644 1526 sinuosum
662 1471 767 1525 fortiter
785 1487 893 1537 areum,
942 1489 950 1501 ·

260 1557 354 1626 ‘Quod’
373 1573 426 1627 que
445 1563 544 1622 ‘canas
564 1562 650 1622 uates,
669 1555 771 1626 accipe’
790 1556 859 1611 dixit
877 1558 980 1627 ‘opust’

188 1659 213 1695 :u
226 1642 268 1697 Me
286 1643 424 1697 miserum!
443 1646 531 1696 certas
549 1641 644 1696 habuit
661 1658 728 1712 puer
745 1641 791 1696 ille
809 1642 937 1711 sagittas.

261 1728 326 1782 Vror
345 1732 372 1782 et
388 1727 416 1781 in
434 1743 522 1781 uacuo
540 1731 652 1797 pectore
669 1732 765 1797 regnat
782 1728 874 1781 Amor.

226 1814 279 1869 Sex
297 1814 361 1868 mihi
379 1819 474 1883 surgat
492 1830 562 1882 opus
580 1813 706 1878 numeris,
724 1813 752 1867 in
771 1812 892 1883 quinquo
909 1815 1001 1870 rosida

260 1900 358 1954 Ferrea
375 1915 436 1952 eum
454 1899 553 1953 uestris
571 1898 642 1953 bella
659 1899 748 1953 ualete
765 1899 862 1954 modis.

226 1985 340 2054 Cingere
358 1984 454 2038 litorea
471 1984 602 2037 flauentia
619 1989 743 2053 tempora
760 1989 856 2056 myrto,

187 2086 212 2123 ao
260 2071 343 2135 Musa,
361 2086 410 2138 per
428 2069 550 2123 undenos
569 2068 750 2122 emodulanda
768 2069 862 2138 pedes.

227 2411 294 2466 Esse
312 2410 378 2480 quid
395 2411 449 2465 hoo
466 2411 561 2476 dicam,
581 2412 654 2480 quod
673 2416 728 2465 tam
748 2411 812 2464 mihi
830 2410 901 2466 dura
917 2411 1000 2467 uiden

260 2497 358 2561 Strata
376 2512 465 2566 neque
482 2497 508 2549 in
528 2495 599 2550 lecto
617 2496 700 2567 pallia
718 2499 812 2551 nostra
830 2496 943 2560 sedent,

226 2582 259 2635 lit
277 2597 380 2636 uacuus
398 2598 493 2637 somno
513 2586 618 2635 noctem
633 2597 760 2652 -quum
778 2580 873 2650 longa!
892 2612 925 2623 -
943 2598 1001 2652 porr

259 2666 399 2737 Lassaque
416 2666 518 2722 uersati
537 2667 658 2737 corporis
676 2684 741 2722 ossa
758 2665 869 2721 dolent?

201 2753 301 2816 anm,
320 2756 397 2822 pute,
416 2753 552 2817 sentirem,
571 2753 650 2822 siquo
668 2755 816 2822 temptarer
834 2768 936 2807 amore.

246 2840 300 2893 -dn
319 2837 392 2893 subit
410 2842 438 2892 et
454 2841 528 2891 tecta
545 2837 660 2892 callidus
678 2841 736 2891 arte
755 2837 854 2892 nocet?

225 2921 270 2977 Sic
287 2922 345 2976 erit.
364 2921 511 2978 haesemnt
528 2926 623 2977 tenues
642 2923 668 2975 in
688 2922 769 2976 eorde
787 2923 912 2991 sagittae,
