2375 3575
461 382 508 416 ABE
521 383 661 418 mudum.

178 510 274 566 Paruit
289 510 403 581 imperio
421 511 547 566 dominae
564 511 722 585 Tirynthius
740 515 828 569 heros.

213 596 226 649 Ι
245 611 318 650 nunc
335 602 363 649 et
380 596 475 651 dubita
492 597 574 664 ferre,
593 598 667 669 qnod
685 598 729 653 ille
746 600 815 654 tulit.

179 681 276 736 Iussus
294 681 392 736 edesse
409 682 469 737 foro
485 683 562 739 iussn
579 685 712 739 maturius
730 685 797 740 hora

213 766 270 821 Fac
288 782 394 835 semper
412 768 507 822 uenias
526 783 576 822 nec
592 769 645 825 nisi
664 786 741 825 serus
759 771 812 826 abi.

129 870 165 910 ms
180 852 315 907 Occurras
333 853 436 924 aliquo,
455 854 504 908 tibi
522 855 627 910 dixerit.
663 856 754 910 omnia
771 856 855 910 differ.

214 937 309 1002 Curre,
329 954 380 992 neo
397 938 533 1009 inceptum
552 941 633 996 turba
651 945 770 995 moretur
788 942 845 995 iter.

179 1022 264 1077 Nocte
283 1023 393 1077 domum
410 1029 536 1093 repetens
556 1025 636 1094 epulo
653 1025 797 1095 perfuncta
813 1026 918 1082 redibit.

214 1108 291 1163 Tunc
309 1124 418 1179 quoque
435 1127 485 1180 pro
503 1127 595 1174 seruo,
616 1111 640 1166 si
657 1116 739 1166 uocat
755 1111 813 1177 illa,
834 1111 904 1166 neni.

182 1195 252 1249 Rure
270 1195 321 1249 erit
339 1200 366 1249 et
384 1196 456 1250 dicet
474 1196 593 1252 ‘uenias'.
629 1198 712 1252 Amor
730 1197 788 1251 odit
805 1198 914 1252 inertes.

131 1295 168 1337 uso
215 1280 244 1336 Si
262 1294 322 1335 rota
340 1281 465 1346 defuerit,
484 1286 514 1335 tu
532 1282 603 1351 pede
622 1298 703 1352 carpe
720 1282 801 1336 uiam.

179 1364 236 1419 Nec
252 1381 337 1434 graue
354 1371 382 1420 te
399 1371 507 1437 tempus
526 1368 675 1438 sitiensque
693 1367 823 1423 Canicula
840 1367 930 1423 tardet

213 1451 269 1506 Nec
287 1453 333 1505 uia
349 1469 398 1521 per
415 1453 502 1507 iactas
521 1453 638 1507 candida
655 1454 730 1508 facta
747 1454 831 1508 niues.

180 1537 291 1591 Militiae
309 1538 415 1606 speeies
434 1554 509 1592 amor
527 1543 577 1593 est.
601 1538 744 1605 discedite,
763 1554 869 1608 segnes.

213 1621 273 1676 Non
291 1627 356 1677 sunt
372 1623 441 1677 haec
458 1624 560 1678 timidis
579 1623 658 1692 signa
675 1623 779 1678 tuenda
796 1623 869 1678 uiris.

131 1722 167 1763 ms
178 1706 238 1762 Nox
255 1713 284 1762 et
300 1708 386 1763 hiems
406 1708 558 1779 longaeque
576 1710 637 1763 uiae
655 1710 786 1779 saeuique
804 1708 912 1763 dolores

213 1795 338 1850 Mollibus
356 1796 398 1850 his
417 1796 514 1851 castris
532 1799 561 1850 et
576 1795 654 1850 labor
671 1796 758 1850 omnis
777 1795 855 1851 inest.

179 1882 268 1950 Saepe
286 1881 356 1936 feres
373 1882 486 1937 imbrem
505 1880 616 1936 caelesti
634 1882 706 1936 nube
724 1881 855 1946 solutum,

213 1966 339 2035 Frigidus
357 1971 385 2021 et
403 1968 476 2021 nude
493 1983 577 2036 saepe
594 1967 696 2022 iacebis
714 1967 804 2021 humo.

178 2052 312 2124 Cynthius
329 2053 437 2108 Admeti
456 2068 555 2106 uaccas
573 2053 685 2121 pauisse
703 2052 815 2107 Pheraei

131 2147 166 2187 mo
214 2137 311 2193 Fertur
328 2138 400 2192 etin
418 2155 505 2208 parua
523 2137 663 2192 delituisse
681 2153 754 2192 casa.

179 2223 260 2292 Quod
270 2223 409 2278 Phoebum
422 2223 523 2288 decuit,
543 2239 624 2294 quem
637 2239 691 2278 non
704 2222 799 2278 decet?
817 2237 885 2277 exue
900 2220 997 2288 fastus,

214 2309 312 2364 curam
331 2310 451 2364 mansuri
469 2309 593 2380 quisquis
612 2309 712 2364 amoris
730 2309 823 2363 habes.

179 2395 209 2451 Si
226 2394 276 2450 tibi
294 2411 344 2465 per
360 2398 447 2449 tutum
466 2394 632 2465 planumque
651 2395 793 2463 negabitur
810 2394 862 2460 ire,

213 2483 305 2552 Atque
323 2480 374 2535 erit
391 2481 520 2550 opposita
536 2480 621 2535 ianua
637 2480 706 2534 fulta
723 2495 798 2543 sera,

130 2576 164 2616 2⁴⁵
178 2569 216 2622 m
231 2570 263 2621 tu
280 2581 330 2635 per
347 2583 478 2636 praeceps
496 2570 569 2620 tecto
587 2564 713 2621 delabere
731 2568 839 2634 aperto,

213 2653 267 2707 Det
284 2667 393 2722 qnoque
410 2651 527 2707 furtiuas
545 2651 602 2706 alta
619 2651 741 2706 fenestra
758 2651 827 2705 uias.

177 2737 264 2792 Laeta
283 2738 343 2804 erit,
362 2744 394 2792 ut
410 2753 521 2793 causam
538 2736 588 2792 tibi
606 2752 637 2791 se
655 2737 724 2791 sciet
742 2751 803 2792 esse
820 2734 921 2805 pericli.

211 2823 272 2878 Hoc
291 2823 415 2878 dominae
433 2822 499 2878 certi
516 2822 616 2892 pignus
634 2821 735 2877 amoris
752 2821 810 2876 erit.
