<?xml version="1.0" encoding="UTF-8"?>
<!DOCTYPE html PUBLIC "-//W3C//DTD XHTML 1.0 Transitional//EN"
    "http://www.w3.org/TR/xhtml1/DTD/xhtml1-transitional.dtd">
<html xmlns="http://www.w3.org/1999/xhtml" xml:lang="en" lang="en">
 <head>
  <title>
</title>
<meta http-equiv="Content-Type" content="text/html;charset=utf-8" />
  <meta name='ocr-system' content='tesseract 3.04.00' />
  <meta name='ocr-capabilities' content='ocr_page ocr_carea ocr_par ocr_line ocrx_word'/>
</head>
<body>
  <div class='ocr_page' id='page_1' title='image "./povidiinasonisc00mlgoog_0163.png"; bbox 0 0 2375 3575; ppageno 0'>
   <div class='ocr_carea' id='block_1_1' title="bbox 536 487 646 521">
    <p class='ocr_par' dir='ltr' id='par_1_1' title="bbox 536 487 646 521">
     <span class='ocr_line' id='line_1_1' title="bbox 536 487 646 521; baseline -0.009 0"><span class='ocrx_word' id='word_1_1' title='bbox 536 487 646 521; x_wconf 66' lang='lat' dir='ltr'>AUORES.</span> 
     </span>
    </p>
   </div>
   <div class='ocr_carea' id='block_1_2' title="bbox 164 614 992 1182">
    <p class='ocr_par' dir='ltr' id='par_1_2' title="bbox 164 614 992 1182">
     <span class='ocr_line' id='line_1_2' title="bbox 241 614 793 686; baseline 0 -17"><span class='ocrx_word' id='word_1_2' title='bbox 241 614 318 669; x_wconf 84' lang='lat' dir='ltr'>Leda</span> <span class='ocrx_word' id='word_1_3' title='bbox 334 615 386 669; x_wconf 81' lang='lat' dir='ltr'>fuit</span> <span class='ocrx_word' id='word_1_4' title='bbox 403 616 481 685; x_wconf 84' lang='lat' dir='ltr'>nigra</span> <span class='ocrx_word' id='word_1_5' title='bbox 497 616 691 686; x_wconf 86' lang='lat' dir='ltr'>conspicienda</span> <span class='ocrx_word' id='word_1_6' title='bbox 708 632 793 682; x_wconf 75' lang='lat' dir='ltr'>coma</span> 
     </span>
     <span class='ocr_line' id='line_1_3' title="bbox 205 700 895 771; baseline -0.001 -16"><span class='ocrx_word' id='word_1_7' title='bbox 205 700 262 755; x_wconf 88' lang='lat' dir='ltr'>Seu</span> <span class='ocrx_word' id='word_1_8' title='bbox 280 700 395 765; x_wconf 70' lang='lat' dir='ltr'>liment,</span> <span class='ocrx_word' id='word_1_9' title='bbox 414 700 519 770; x_wconf 75' lang='lat' dir='ltr'>placuit</span> <span class='ocrx_word' id='word_1_10' title='bbox 535 701 640 757; x_wconf 86' lang='lat' dir='ltr'>cruceis</span> <span class='ocrx_word' id='word_1_11' title='bbox 657 703 764 756; x_wconf 79' lang='lat' dir='ltr'>Aurum</span> <span class='ocrx_word' id='word_1_12' title='bbox 781 701 895 771; x_wconf 75' lang='lat' dir='ltr'>capillis,</span> 
     </span>
     <span class='ocr_line' id='line_1_4' title="bbox 240 785 852 856; baseline -0.003 -15"><span class='ocrx_word' id='word_1_13' title='bbox 240 785 373 841; x_wconf 79' lang='lat' dir='ltr'>Omnibus</span> <span class='ocrx_word' id='word_1_14' title='bbox 390 785 511 841; x_wconf 82' lang='lat' dir='ltr'>historiis</span> <span class='ocrx_word' id='word_1_15' title='bbox 528 803 559 841; x_wconf 89' lang='lat' dir='ltr'>se</span> <span class='ocrx_word' id='word_1_16' title='bbox 577 802 654 841; x_wconf 87' lang='lat' dir='ltr'>meus</span> <span class='ocrx_word' id='word_1_17' title='bbox 672 790 751 856; x_wconf 77' lang='lat' dir='ltr'>aptat</span> <span class='ocrx_word' id='word_1_18' title='bbox 768 803 852 841; x_wconf 89' lang='lat' dir='ltr'>amor.</span> 
     </span>
     <span class='ocr_line' id='line_1_5' title="bbox 164 870 873 941; baseline 0.004 -20"><span class='ocrx_word' id='word_1_19' title='bbox 164 884 192 921; x_wconf 72' lang='lat' dir='ltr'>cs</span> <span class='ocrx_word' id='word_1_20' title='bbox 204 870 249 924; x_wconf 86' lang='lat' dir='ltr'>Me</span> <span class='ocrx_word' id='word_1_21' title='bbox 266 870 498 937; x_wconf 79' lang='lat' dir='ltr'>nouasnllicital,</span> <span class='ocrx_word' id='word_1_22' title='bbox 516 888 560 926; x_wconf 89' lang='lat' dir='ltr'>me</span> <span class='ocrx_word' id='word_1_23' title='bbox 577 872 668 941; x_wconf 85' lang='lat' dir='ltr'>tangil</span> <span class='ocrx_word' id='word_1_24' title='bbox 685 872 771 926; x_wconf 89' lang='lat' dir='ltr'>serior</span> <span class='ocrx_word' id='word_1_25' title='bbox 788 875 873 926; x_wconf 81' lang='lat' dir='ltr'>aetas.</span> 
     </span>
     <span class='ocr_line' id='line_1_6' title="bbox 240 955 856 1026; baseline 0.002 -17"><span class='ocrx_word' id='word_1_26' title='bbox 240 955 317 1010; x_wconf 86' lang='lat' dir='ltr'>Haec</span> <span class='ocrx_word' id='word_1_27' title='bbox 334 955 429 1010; x_wconf 88' lang='lat' dir='ltr'>melior</span> <span class='ocrx_word' id='word_1_28' title='bbox 446 956 538 1026; x_wconf 87' lang='lat' dir='ltr'>specie</span> <span class='ocrx_word' id='word_1_29' title='bbox 557 957 691 1026; x_wconf 88' lang='lat' dir='ltr'>corporis,</span> <span class='ocrx_word' id='word_1_30' title='bbox 710 956 757 1011; x_wconf 91' lang='lat' dir='ltr'>illa</span> <span class='ocrx_word' id='word_1_31' title='bbox 774 956 856 1026; x_wconf 80' lang='lat' dir='ltr'>sapit.</span> 
     </span>
     <span class='ocr_line' id='line_1_7' title="bbox 205 1040 992 1112; baseline 0.003 -17"><span class='ocrx_word' id='word_1_32' title='bbox 205 1040 331 1110; x_wconf 88' lang='lat' dir='ltr'>Denique</span> <span class='ocrx_word' id='word_1_33' title='bbox 349 1056 418 1110; x_wconf 85' lang='lat' dir='ltr'>quas</span> <span class='ocrx_word' id='word_1_34' title='bbox 436 1044 496 1095; x_wconf 81' lang='lat' dir='ltr'>tcta</span> <span class='ocrx_word' id='word_1_35' title='bbox 513 1042 659 1112; x_wconf 82' lang='lat' dir='ltr'>quisquam</span> <span class='ocrx_word' id='word_1_36' title='bbox 676 1042 774 1112; x_wconf 84' lang='lat' dir='ltr'>probet</span> <span class='ocrx_word' id='word_1_37' title='bbox 791 1042 857 1096; x_wconf 85' lang='lat' dir='ltr'>urbe</span> <span class='ocrx_word' id='word_1_38' title='bbox 875 1041 992 1111; x_wconf 83' lang='lat' dir='ltr'>puellas,</span> 
     </span>
     <span class='ocr_line' id='line_1_8' title="bbox 239 1126 838 1182; baseline 0.003 -2"><span class='ocrx_word' id='word_1_39' title='bbox 239 1126 339 1180; x_wconf 81' lang='lat' dir='ltr'>Noster</span> <span class='ocrx_word' id='word_1_40' title='bbox 355 1126 383 1180; x_wconf 91' lang='lat' dir='ltr'>in</span> <span class='ocrx_word' id='word_1_41' title='bbox 400 1126 450 1181; x_wconf 87' lang='lat' dir='ltr'>has</span> <span class='ocrx_word' id='word_1_42' title='bbox 469 1127 556 1181; x_wconf 87' lang='lat' dir='ltr'>omnis</span> <span class='ocrx_word' id='word_1_43' title='bbox 574 1127 735 1182; x_wconf 86' lang='lat' dir='ltr'>ambitiosus</span> <span class='ocrx_word' id='word_1_44' title='bbox 754 1143 838 1182; x_wconf 83' lang='lat' dir='ltr'>amur.</span> 
     </span>
    </p>
   </div>
   <div class='ocr_carea' id='block_1_3' title="bbox 572 1350 611 1414">
    <p class='ocr_par' dir='ltr' id='par_1_3' title="bbox 572 1350 611 1414">
     <span class='ocr_line' id='line_1_9' title="bbox 572 1350 611 1414; baseline 0 0"><span class='ocrx_word' id='word_1_45' title='bbox 572 1350 611 1414; x_wconf 88' lang='lat' dir='ltr'>V.</span> 
     </span>
    </p>
   </div>
   <div class='ocr_carea' id='block_1_4' title="bbox 166 1466 1026 2986">
    <p class='ocr_par' dir='ltr' id='par_1_4' title="bbox 166 1466 1026 2986">
     <span class='ocr_line' id='line_1_10' title="bbox 204 1466 1026 1539; baseline 0.001 -18"><span class='ocrx_word' id='word_1_46' title='bbox 204 1466 301 1521; x_wconf 87' lang='lat' dir='ltr'>Nullus</span> <span class='ocrx_word' id='word_1_47' title='bbox 319 1483 395 1521; x_wconf 88' lang='lat' dir='ltr'>amor</span> <span class='ocrx_word' id='word_1_48' title='bbox 411 1467 509 1523; x_wconf 86' lang='lat' dir='ltr'>tantist</span> <span class='ocrx_word' id='word_1_49' title='bbox 526 1499 559 1508; x_wconf 93' lang='lat'>—</span> <span class='ocrx_word' id='word_1_50' title='bbox 577 1469 673 1534; x_wconf 77' lang='lat' dir='ltr'>abeas,</span> <span class='ocrx_word' id='word_1_51' title='bbox 691 1469 848 1539; x_wconf 75' lang='lat' dir='ltr'>pharetrate</span> <span class='ocrx_word' id='word_1_52' title='bbox 866 1467 973 1537; x_wconf 80' lang='lat' dir='ltr'>Cupido</span> <span class='ocrx_word' id='word_1_53' title='bbox 985 1498 1026 1532; x_wconf 91' lang='lat'>-,</span> 
     </span>
     <span class='ocr_line' id='line_1_11' title="bbox 239 1550 862 1609; baseline 0 -4"><span class='ocrx_word' id='word_1_54' title='bbox 239 1550 276 1605; x_wconf 84' lang='lat' dir='ltr'>vt</span> <span class='ocrx_word' id='word_1_55' title='bbox 292 1551 358 1605; x_wconf 91' lang='lat' dir='ltr'>mihi</span> <span class='ocrx_word' id='word_1_56' title='bbox 376 1553 431 1607; x_wconf 80' lang='lat' dir='ltr'>sint</span> <span class='ocrx_word' id='word_1_57' title='bbox 447 1554 548 1608; x_wconf 75' lang='lat' dir='ltr'>totiens</span> <span class='ocrx_word' id='word_1_58' title='bbox 567 1554 685 1607; x_wconf 85' lang='lat' dir='ltr'>maxima</span> <span class='ocrx_word' id='word_1_59' title='bbox 703 1558 769 1609; x_wconf 86' lang='lat' dir='ltr'>unta</span> <span class='ocrx_word' id='word_1_60' title='bbox 786 1554 862 1608; x_wconf 89' lang='lat' dir='ltr'>mori.</span> 
     </span>
     <span class='ocr_line' id='line_1_12' title="bbox 205 1637 950 1709; baseline 0.003 -18"><span class='ocrx_word' id='word_1_61' title='bbox 205 1637 277 1691; x_wconf 83' lang='lat' dir='ltr'>Vola</span> <span class='ocrx_word' id='word_1_62' title='bbox 295 1637 363 1691; x_wconf 87' lang='lat' dir='ltr'>mori</span> <span class='ocrx_word' id='word_1_63' title='bbox 380 1653 442 1692; x_wconf 85' lang='lat' dir='ltr'>mea</span> <span class='ocrx_word' id='word_1_64' title='bbox 458 1642 535 1704; x_wconf 86' lang='lat' dir='ltr'>sunt,</span> <span class='ocrx_word' id='word_1_65' title='bbox 554 1653 616 1692; x_wconf 89' lang='lat' dir='ltr'>cnm</span> <span class='ocrx_word' id='word_1_66' title='bbox 633 1643 661 1693; x_wconf 90' lang='lat' dir='ltr'>te</span> <span class='ocrx_word' id='word_1_67' title='bbox 679 1655 794 1709; x_wconf 89' lang='lat' dir='ltr'>peccare</span> <span class='ocrx_word' id='word_1_68' title='bbox 811 1638 950 1703; x_wconf 83' lang='lat' dir='ltr'>recordor,</span> 
     </span>
     <span class='ocr_line' id='line_1_13' title="bbox 240 1721 862 1795; baseline 0.005 -20"><span class='ocrx_word' id='word_1_69' title='bbox 240 1721 273 1776; x_wconf 82' lang='lat' dir='ltr'>Ei</span> <span class='ocrx_word' id='word_1_70' title='bbox 292 1722 357 1776; x_wconf 91' lang='lat' dir='ltr'>mihi</span> <span class='ocrx_word' id='word_1_71' title='bbox 374 1727 536 1794; x_wconf 84' lang='lat' dir='ltr'>perpetuum</span> <span class='ocrx_word' id='word_1_72' title='bbox 556 1729 623 1778; x_wconf 84' lang='lat' dir='ltr'>nata</span> <span class='ocrx_word' id='word_1_73' title='bbox 639 1724 731 1795; x_wconf 87' lang='lat' dir='ltr'>puella</span> <span class='ocrx_word' id='word_1_74' title='bbox 749 1724 862 1778; x_wconf 84' lang='lat' dir='ltr'>malum!</span> 
     </span>
     <span class='ocr_line' id='line_1_14' title="bbox 178 1807 902 1875; baseline 0.003 -13"><span class='ocrx_word' id='word_1_75' title='bbox 178 1807 266 1862; x_wconf 79' lang='lat' dir='ltr'>⁵N0n</span> <span class='ocrx_word' id='word_1_76' title='bbox 283 1807 349 1863; x_wconf 88' lang='lat' dir='ltr'>mihi</span> <span class='ocrx_word' id='word_1_77' title='bbox 367 1808 475 1864; x_wconf 84' lang='lat' dir='ltr'>delatae</span> <span class='ocrx_word' id='word_1_78' title='bbox 494 1810 600 1864; x_wconf 79' lang='lat' dir='ltr'>undant</span> <span class='ocrx_word' id='word_1_79' title='bbox 616 1813 665 1863; x_wconf 83' lang='lat' dir='ltr'>lna</span> <span class='ocrx_word' id='word_1_80' title='bbox 682 1811 757 1865; x_wconf 85' lang='lat' dir='ltr'>facta</span> <span class='ocrx_word' id='word_1_81' title='bbox 773 1810 902 1875; x_wconf 83' lang='lat' dir='ltr'>tabellae,</span> 
     </span>
     <span class='ocr_line' id='line_1_15' title="bbox 239 1893 874 1950; baseline 0.005 -3"><span class='ocrx_word' id='word_1_82' title='bbox 239 1893 295 1947; x_wconf 89' lang='lat' dir='ltr'>Nec</span> <span class='ocrx_word' id='word_1_83' title='bbox 314 1893 380 1948; x_wconf 86' lang='lat' dir='ltr'>dala</span> <span class='ocrx_word' id='word_1_84' title='bbox 396 1894 497 1949; x_wconf 87' lang='lat' dir='ltr'>furtiue</span> <span class='ocrx_word' id='word_1_85' title='bbox 515 1912 629 1950; x_wconf 82' lang='lat' dir='ltr'>munera</span> <span class='ocrx_word' id='word_1_86' title='bbox 647 1895 747 1949; x_wconf 83' lang='lat' dir='ltr'>crimen</span> <span class='ocrx_word' id='word_1_87' title='bbox 764 1895 874 1950; x_wconf 82' lang='lat' dir='ltr'>habent.</span> 
     </span>
     <span class='ocr_line' id='line_1_16' title="bbox 204 1978 959 2050; baseline 0 -16"><span class='ocrx_word' id='word_1_88' title='bbox 204 1979 228 2034; x_wconf 92' lang='lat'>0</span> <span class='ocrx_word' id='word_1_89' title='bbox 246 1978 351 2033; x_wconf 83' lang='lat' dir='ltr'>utinam</span> <span class='ocrx_word' id='word_1_90' title='bbox 369 1995 510 2048; x_wconf 77' lang='lat' dir='ltr'>arguerem</span> <span class='ocrx_word' id='word_1_91' title='bbox 528 1981 569 2035; x_wconf 90' lang='lat' dir='ltr'>sic</span> <span class='ocrx_word' id='word_1_92' title='bbox 586 1989 617 2034; x_wconf 91' lang='lat' dir='ltr'>ut</span> <span class='ocrx_word' id='word_1_93' title='bbox 634 1997 689 2035; x_wconf 92' lang='lat' dir='ltr'>non</span> <span class='ocrx_word' id='word_1_94' title='bbox 707 1981 816 2035; x_wconf 84' lang='lat' dir='ltr'>uincere</span> <span class='ocrx_word' id='word_1_95' title='bbox 832 1982 959 2050; x_wconf 86' lang='lat' dir='ltr'>possem!</span> 
     </span>
     <span class='ocr_line' id='line_1_17' title="bbox 239 2064 938 2135; baseline 0 -16"><span class='ocrx_word' id='word_1_96' title='bbox 239 2064 282 2119; x_wconf 83' lang='lat' dir='ltr'>Me</span> <span class='ocrx_word' id='word_1_97' title='bbox 300 2065 440 2131; x_wconf 89' lang='lat' dir='ltr'>miserum,</span> <span class='ocrx_word' id='word_1_98' title='bbox 459 2069 619 2135; x_wconf 85' lang='lat' dir='ltr'>quarelam</span> <span class='ocrx_word' id='word_1_99' title='bbox 640 2066 712 2121; x_wconf 86' lang='lat' dir='ltr'>bona</span> <span class='ocrx_word' id='word_1_100' title='bbox 731 2081 816 2120; x_wconf 82' lang='lat' dir='ltr'>cansa</span> <span class='ocrx_word' id='word_1_101' title='bbox 832 2066 938 2120; x_wconf 77' lang='lat' dir='ltr'>meast?</span> 
     </span>
     <span class='ocr_line' id='line_1_18' title="bbox 203 2149 942 2220; baseline 0.001 -16"><span class='ocrx_word' id='word_1_102' title='bbox 203 2149 292 2214; x_wconf 81' lang='lat' dir='ltr'>Felix,</span> <span class='ocrx_word' id='word_1_103' title='bbox 312 2149 358 2219; x_wconf 87' lang='lat' dir='ltr'>qni</span> <span class='ocrx_word' id='word_1_104' title='bbox 377 2150 450 2220; x_wconf 89' lang='lat' dir='ltr'>quod</span> <span class='ocrx_word' id='word_1_105' title='bbox 468 2153 543 2204; x_wconf 84' lang='lat' dir='ltr'>amal</span> <span class='ocrx_word' id='word_1_106' title='bbox 560 2151 706 2205; x_wconf 82' lang='lat' dir='ltr'>defendere</span> <span class='ocrx_word' id='word_1_107' title='bbox 723 2151 829 2205; x_wconf 84' lang='lat' dir='ltr'>fortiter</span> <span class='ocrx_word' id='word_1_108' title='bbox 847 2151 942 2216; x_wconf 81' lang='lat' dir='ltr'>audet,</span> 
     </span>
     <span class='ocr_line' id='line_1_19' title="bbox 166 2234 855 2305; baseline 0.001 -16"><span class='ocrx_word' id='word_1_109' title='bbox 166 2244 191 2281; x_wconf 88' lang='lat'>1⁰</span> <span class='ocrx_word' id='word_1_110' title='bbox 239 2234 290 2289; x_wconf 82' lang='lat' dir='ltr'>Oui</span> <span class='ocrx_word' id='word_1_111' title='bbox 309 2252 360 2289; x_wconf 88' lang='lat' dir='ltr'>sua</span> <span class='ocrx_word' id='word_1_112' title='bbox 378 2240 440 2289; x_wconf 81' lang='lat' dir='ltr'>‘nou</span> <span class='ocrx_word' id='word_1_113' title='bbox 458 2235 520 2290; x_wconf 83' lang='lat' dir='ltr'>feci’</span> <span class='ocrx_word' id='word_1_114' title='bbox 539 2236 629 2291; x_wconf 87' lang='lat' dir='ltr'>dicere</span> <span class='ocrx_word' id='word_1_115' title='bbox 648 2236 737 2290; x_wconf 84' lang='lat' dir='ltr'>amica</span> <span class='ocrx_word' id='word_1_116' title='bbox 754 2239 855 2305; x_wconf 85' lang='lat' dir='ltr'>potest.</span> 
     </span>
     <span class='ocr_line' id='line_1_20' title="bbox 203 2319 903 2392; baseline 0.003 -18"><span class='ocrx_word' id='word_1_117' title='bbox 203 2319 321 2375; x_wconf 81' lang='lat' dir='ltr'>Ferreus</span> <span class='ocrx_word' id='word_1_118' title='bbox 339 2324 382 2375; x_wconf 88' lang='lat' dir='ltr'>est</span> <span class='ocrx_word' id='word_1_119' title='bbox 399 2321 565 2392; x_wconf 87' lang='lat' dir='ltr'>nimiumque</span> <span class='ocrx_word' id='word_1_120' title='bbox 582 2337 633 2375; x_wconf 88' lang='lat' dir='ltr'>sno</span> <span class='ocrx_word' id='word_1_121' title='bbox 651 2322 727 2375; x_wconf 82' lang='lat' dir='ltr'>lauet</span> <span class='ocrx_word' id='word_1_122' title='bbox 742 2320 787 2375; x_wconf 93' lang='lat' dir='ltr'>ille</span> <span class='ocrx_word' id='word_1_123' title='bbox 805 2321 903 2385; x_wconf 84' lang='lat' dir='ltr'>doleri,</span> 
     </span>
     <span class='ocr_line' id='line_1_21' title="bbox 239 2405 816 2475; baseline 0.003 -16"><span class='ocrx_word' id='word_1_124' title='bbox 239 2405 290 2460; x_wconf 82' lang='lat' dir='ltr'>Oui</span> <span class='ocrx_word' id='word_1_125' title='bbox 309 2405 411 2475; x_wconf 87' lang='lat' dir='ltr'>petitur</span> <span class='ocrx_word' id='word_1_126' title='bbox 428 2405 502 2460; x_wconf 82' lang='lat' dir='ltr'>nicta</span> <span class='ocrx_word' id='word_1_127' title='bbox 519 2406 613 2475; x_wconf 86' lang='lat' dir='ltr'>palma</span> <span class='ocrx_word' id='word_1_128' title='bbox 631 2409 744 2460; x_wconf 84' lang='lat' dir='ltr'>cruenta</span> <span class='ocrx_word' id='word_1_129' title='bbox 761 2423 816 2461; x_wconf 80' lang='lat' dir='ltr'>rea.</span> 
     </span>
     <span class='ocr_line' id='line_1_22' title="bbox 203 2491 875 2562; baseline 0.001 -17"><span class='ocrx_word' id='word_1_130' title='bbox 203 2492 269 2561; x_wconf 85' lang='lat' dir='ltr'>Ipse</span> <span class='ocrx_word' id='word_1_131' title='bbox 287 2491 369 2545; x_wconf 86' lang='lat' dir='ltr'>miser</span> <span class='ocrx_word' id='word_1_132' title='bbox 386 2491 456 2557; x_wconf 85' lang='lat' dir='ltr'>uidi,</span> <span class='ocrx_word' id='word_1_133' title='bbox 473 2508 535 2546; x_wconf 92' lang='lat' dir='ltr'>cnm</span> <span class='ocrx_word' id='word_1_134' title='bbox 553 2507 597 2546; x_wconf 92' lang='lat' dir='ltr'>me</span> <span class='ocrx_word' id='word_1_135' title='bbox 615 2491 732 2546; x_wconf 87' lang='lat' dir='ltr'>dormire</span> <span class='ocrx_word' id='word_1_136' title='bbox 749 2496 875 2562; x_wconf 80' lang='lat' dir='ltr'>putares,</span> 
     </span>
     <span class='ocr_line' id='line_1_23' title="bbox 239 2575 839 2646; baseline 0 -16"><span class='ocrx_word' id='word_1_137' title='bbox 239 2575 354 2631; x_wconf 83' lang='lat' dir='ltr'>Subrius</span> <span class='ocrx_word' id='word_1_138' title='bbox 372 2577 499 2646; x_wconf 85' lang='lat' dir='ltr'>apposito</span> <span class='ocrx_word' id='word_1_139' title='bbox 517 2577 630 2631; x_wconf 88' lang='lat' dir='ltr'>crimina</span> <span class='ocrx_word' id='word_1_140' title='bbox 648 2581 741 2632; x_wconf 85' lang='lat' dir='ltr'>uestra</span> <span class='ocrx_word' id='word_1_141' title='bbox 758 2593 839 2632; x_wconf 88' lang='lat' dir='ltr'>meru.</span> 
     </span>
     <span class='ocr_line' id='line_1_24' title="bbox 166 2661 845 2732; baseline -0.001 -15"><span class='ocrx_word' id='word_1_142' title='bbox 166 2670 190 2707; x_wconf 83' lang='lat'>1⁵</span> <span class='ocrx_word' id='word_1_143' title='bbox 202 2661 292 2717; x_wconf 85' lang='lat' dir='ltr'>Multa</span> <span class='ocrx_word' id='word_1_144' title='bbox 309 2661 456 2731; x_wconf 84' lang='lat' dir='ltr'>supercilio</span> <span class='ocrx_word' id='word_1_145' title='bbox 474 2661 530 2716; x_wconf 91' lang='lat' dir='ltr'>nidi</span> <span class='ocrx_word' id='word_1_146' title='bbox 548 2662 674 2716; x_wconf 84' lang='lat' dir='ltr'>uibrante</span> <span class='ocrx_word' id='word_1_147' title='bbox 692 2662 845 2732; x_wconf 81' lang='lat' dir='ltr'>loquentes.</span> 
     </span>
     <span class='ocr_line' id='line_1_25' title="bbox 240 2745 874 2816; baseline 0.002 -16"><span class='ocrx_word' id='word_1_148' title='bbox 240 2745 357 2800; x_wconf 81' lang='lat' dir='ltr'>Nutibus</span> <span class='ocrx_word' id='word_1_149' title='bbox 375 2747 403 2801; x_wconf 91' lang='lat' dir='ltr'>iu</span> <span class='ocrx_word' id='word_1_150' title='bbox 421 2747 521 2802; x_wconf 85' lang='lat' dir='ltr'>nestris</span> <span class='ocrx_word' id='word_1_151' title='bbox 539 2763 604 2816; x_wconf 88' lang='lat' dir='ltr'>pars</span> <span class='ocrx_word' id='word_1_152' title='bbox 622 2747 695 2802; x_wconf 89' lang='lat' dir='ltr'>buna</span> <span class='ocrx_word' id='word_1_153' title='bbox 713 2749 790 2802; x_wconf 87' lang='lat' dir='ltr'>nocis</span> <span class='ocrx_word' id='word_1_154' title='bbox 808 2761 874 2802; x_wconf 80' lang='lat' dir='ltr'>erac.</span> 
     </span>
     <span class='ocr_line' id='line_1_26' title="bbox 203 2831 866 2904; baseline 0.002 -17"><span class='ocrx_word' id='word_1_155' title='bbox 203 2832 265 2887; x_wconf 89' lang='lat' dir='ltr'>Non</span> <span class='ocrx_word' id='word_1_156' title='bbox 284 2831 355 2886; x_wconf 92' lang='lat' dir='ltr'>oculi</span> <span class='ocrx_word' id='word_1_157' title='bbox 372 2836 485 2887; x_wconf 86' lang='lat' dir='ltr'>tacuere</span> <span class='ocrx_word' id='word_1_158' title='bbox 502 2833 555 2898; x_wconf 84' lang='lat' dir='ltr'>lui,</span> <span class='ocrx_word' id='word_1_159' title='bbox 574 2833 784 2904; x_wconf 80' lang='lat' dir='ltr'>conscriptaque</span> <span class='ocrx_word' id='word_1_160' title='bbox 803 2834 866 2888; x_wconf 88' lang='lat' dir='ltr'>uiuo</span> 
     </span>
     <span class='ocr_line' id='line_1_27' title="bbox 239 2916 851 2986; baseline 0.003 -16"><span class='ocrx_word' id='word_1_161' title='bbox 239 2916 347 2982; x_wconf 78' lang='lat' dir='ltr'>Mensa,</span> <span class='ocrx_word' id='word_1_162' title='bbox 366 2933 416 2972; x_wconf 84' lang='lat' dir='ltr'>nec</span> <span class='ocrx_word' id='word_1_163' title='bbox 433 2917 460 2973; x_wconf 90' lang='lat' dir='ltr'>iu</span> <span class='ocrx_word' id='word_1_164' title='bbox 480 2917 573 2986; x_wconf 83' lang='lat' dir='ltr'>digitis</span> <span class='ocrx_word' id='word_1_165' title='bbox 591 2917 682 2972; x_wconf 81' lang='lat' dir='ltr'>littera</span> <span class='ocrx_word' id='word_1_166' title='bbox 700 2917 775 2973; x_wconf 81' lang='lat' dir='ltr'>nulla</span> <span class='ocrx_word' id='word_1_167' title='bbox 791 2917 851 2974; x_wconf 83' lang='lat' dir='ltr'>fuit.</span> 
     </span>
    </p>
   </div>
   <div class='ocr_carea' id='block_1_5' title="bbox 0 0 1192 3575">
    <p class='ocr_par' dir='ltr' id='par_1_5' title="bbox 0 0 1192 3575">
     <span class='ocr_line' id='line_1_28' title="bbox 0 0 1192 3575; baseline 0 0"><span class='ocrx_word' id='word_1_168' title='bbox 0 0 1192 3575; x_wconf 95' lang='lat' dir='ltr'> </span> 
     </span>
    </p>
   </div>
  </div>
 </body>
</html>
