2375 3575
227 456 276 508 lul
556 473 667 508 nuonns.

229 607 296 661 Sera
314 589 406 659 tamen
424 603 552 658 scindens
570 602 679 657 inimico
697 601 796 671 pollice
814 602 917 655 crinem

261 690 355 745 Edidit
371 689 498 756 indignos
516 704 563 742 ore
580 691 713 741 tremente
731 703 815 741 sonos

230 777 261 831 ·0
280 775 385 829 utinam
404 789 464 827 mea
481 773 553 827 lecta
570 772 660 826 forent
678 772 822 841 patrioque
840 770 982 839 sepulchro

265 860 390 923 Condita,
410 874 470 911 curn
489 861 617 926 poterant
635 856 748 926 uirginis
766 873 832 911 ossa
849 856 916 924 legi!

194 959 219 997 u
234 946 296 1008 Gur,
316 944 396 998 modo
415 941 540 1006 Vestalis,
559 942 656 996 taedas
674 942 775 995 innitor
793 942 829 995 ad
847 941 925 1008 ullas,

268 1028 366 1097 Turpis
384 1031 412 1081 et
429 1028 518 1081 Iliacis
535 1026 678 1080 infitianda
694 1025 780 1080 focis?

234 1114 304 1181 Quid
323 1129 412 1167 moror
430 1116 458 1165 ct
475 1111 568 1179 digitis
587 1112 715 1179 designor
734 1111 859 1165 adultera
878 1111 968 1181 uolgi?

267 1198 365 1252 Desint
382 1197 504 1251 famosus
523 1212 593 1266 quac
613 1201 689 1251 notet
707 1213 756 1250 ora
772 1196 877 1265 pudor’.

232 1284 379 1347 Hactenus,
399 1286 427 1336 et
444 1286 549 1336 uestem
567 1282 680 1336 tumidis
698 1281 853 1350 praetendit
870 1280 972 1346 ocellis,

190 1380 215 1419 so
263 1370 355 1437 Atque
373 1368 411 1421 ita
429 1382 459 1420 se
478 1365 506 1419 in
524 1366 635 1435 rapidas
654 1366 761 1435 perdita
780 1366 854 1419 misit
872 1382 968 1435 aquas.

229 1452 414 1521 Supposuisse
433 1467 530 1506 manus
549 1451 585 1505 ad
602 1456 715 1521 pectora
732 1451 851 1505 lubricus
870 1452 960 1506 amnis

263 1537 369 1591 Dicitur
387 1541 414 1590 et
433 1536 500 1590 socii
519 1536 578 1590 iura
597 1537 706 1591 dedisse
723 1537 783 1590 tori.

228 1622 267 1676 Te
286 1636 396 1691 quoque
413 1621 568 1675 ci'edibilest
586 1621 677 1691 aliqua
696 1621 812 1675 caluisse
830 1621 932 1691 puella.

264 1706 319 1760 Sed
338 1722 448 1759 nemora
467 1711 495 1760 et
513 1705 601 1761 siluae
620 1708 732 1761 crimina
750 1715 842 1761 uestra
860 1712 966 1774 tegunt.

191 1804 217 1842 ss
232 1792 302 1845 Dum
322 1791 428 1860 loquor,
445 1792 559 1845 increuit
577 1792 641 1846 latis
660 1792 808 1861 spatiosius
827 1793 917 1859 undis,

262 1876 318 1930 Nec
337 1877 411 1946 capit
430 1877 566 1931 admissas
586 1878 681 1942 alueus
700 1876 771 1931 altus
789 1893 885 1946 aquas.

228 1961 300 2028 Quid
319 1977 437 2026 mecum,
457 1962 571 2027 furiose,
590 1963 659 2018 tibi?
679 1963 743 2032 quid
761 1968 856 2018 mutua
874 1962 968 2017 differs

263 2046 387 2100 Gaudia?
407 2047 473 2115 quid
492 2052 627 2116 coeptum,
646 2049 757 2114 rustice,
775 2048 879 2116 rumpis
897 2048 967 2102 iteri

228 2130 313 2197 Quid,
332 2132 355 2185 si
375 2131 523 2200 legitimum
542 2132 653 2197 flueres,
673 2133 696 2186 si
715 2131 804 2186 nobile
821 2133 933 2198 flumen,

188 2227 214 2265 so
262 2215 290 2268 Si
309 2216 359 2270 tibi
379 2221 530 2284 pertentas
549 2217 667 2271 maxima
685 2218 758 2271 fama
776 2219 863 2272 foret?

227 2298 331 2353 Nomen
350 2301 434 2355 habes
454 2301 570 2364 nullum,
589 2302 655 2357 riuis
675 2303 788 2357 collecte
807 2303 931 2368 caducis,

263 2383 319 2438 Nec
338 2385 385 2440 tibi
406 2390 470 2440 sunt
487 2386 577 2440 fontes
597 2403 646 2441 nec
662 2388 712 2442 tibi
730 2393 805 2441 centa
822 2388 928 2442 doinus.

227 2468 324 2524 Fontis
342 2470 427 2524 habes
445 2471 531 2525 instar
549 2471 724 2541 pluuiamque
742 2472 875 2542 niuesque
893 2473 1008 2537 solutas,

261 2554 336 2619 Quas
354 2555 403 2611 tibi
422 2555 532 2610 diuitias
550 2557 629 2625 pigra
646 2557 782 2611 ministrat
800 2558 913 2627 hiemps

187 2648 213 2684 95
228 2638 284 2692 Aut
304 2638 452 2695 lutulentus
471 2641 530 2709 agis
550 2641 663 2695 brumali
682 2646 804 2711 tempore
823 2658 919 2696 cursus

262 2724 318 2776 Aut
335 2726 436 2792 premis
454 2729 573 2779 arentem
593 2727 799 2794 puluernlentus
817 2727 937 2781 humum.

228 2806 295 2873 Quis
314 2812 341 2862 te
360 2815 417 2863 tum
435 2811 525 2879 potuit
543 2811 639 2866 siticns
659 2811 765 2866 haurire
784 2813 891 2866 uiator?

261 2890 328 2957 Quis
347 2893 415 2948 dixit
432 2901 513 2964 grata
530 2912 599 2950 uoce
617 2897 751 2966 ‘perennis
770 2898 843 2952 eas’?
