2375 3575
572 491 621 526 AB!
634 491 773 526 eunom.

514 833 631 893 LIBER
660 832 831 893 TERTIVS.

290 972 373 1025 Arrna
391 970 453 1024 dedi
471 970 574 1025 Danais
591 971 620 1024 in
637 973 799 1026 Amazonas.
817 987 893 1025 arura
911 974 1059 1043 supersunt

325 1055 401 1123 Quae
418 1055 467 1111 tibi
486 1056 547 1110 deun
565 1059 593 1109 et
610 1059 724 1121 turmae,
743 1055 922 1122 Penthesilea,
940 1059 1017 1112 tuae.

291 1141 332 1194 lte
348 1141 377 1194 in
393 1140 465 1196 helia
481 1156 570 1210 pares.
588 1140 707 1205 uincent,
727 1140 825 1210 quibus
843 1140 916 1196 alma
933 1140 1025 1197 Dione

324 1226 435 1280 Fauerit
452 1232 480 1280 et
496 1229 556 1281 tutu
574 1227 621 1296 qui
639 1225 714 1281 uolat
731 1226 796 1280 orbe
813 1241 888 1296 puer.

265 1310 349 1365 allon
368 1315 427 1365 erat
444 1311 554 1366 armatis
573 1327 691 1382 aequum
709 1326 868 1365 concurrere
886 1309 984 1367 nudas.

325 1394 371 1450 Sic
387 1396 468 1450 etiam
487 1396 566 1452 uobis
583 1396 692 1451 uincere
708 1401 796 1467 turpe,
814 1395 873 1450 uiri.

289 1481 394 1536 Dixerit
411 1498 426 1535 e
444 1481 535 1536 rnultis
553 1481 651 1552 aliquis
670 1482 743 1551 ‘quid
763 1482 836 1536 uirus
853 1481 882 1535 in
900 1482 1001 1552 angui·

324 1567 417 1622 Adicis
435 1569 463 1621 et
479 1567 590 1621 rabidae
608 1566 693 1622 tradis
711 1566 783 1621 nuile
799 1566 906 1638 lupael’
1014 1572 1020 1582 '

291 1652 397 1707 Parcite
413 1668 561 1722 paucarum
580 1651 730 1706 diffundere
748 1652 847 1707 crimen
865 1652 893 1707 in
912 1669 1019 1711 omues.

252 1750 276 1790 10
325 1737 469 1808 Spectetur
487 1738 591 1793 meritis
610 1753 734 1809 quaeque
752 1736 844 1808 puella
861 1736 927 1794 suis.

291 1823 319 1879 Si
338 1823 424 1878 minor
441 1823 550 1878 Atrides
570 1823 698 1889 Helenen,
716 1823 888 1894 Helenesque
906 1838 1031 1880 sororem

325 1908 384 1976 Quo
403 1912 509 1978 premat
526 1908 636 1963 Atrides
654 1908 764 1964 crimine
783 1909 868 1963 maior
884 1907 982 1976 hehet,

291 1993 319 2048 Si
338 1994 440 2048 scelere
458 1993 582 2048 Oeclides
601 1993 758 2048 Talaioniae
776 1992 923 2066 Eriphylae

325 2078 408 2133 Vinus
427 2079 500 2134 etin
518 2079 589 2134 uiuis
609 2079 645 2134 ad
663 2078 749 2150 Styga
766 2079 841 2133 uenit
858 2079 950 2150 equis,

253 2177 278 2214 15
291 2163 342 2219 Est
359 2165 406 2235 pia
422 2164 558 2235 Penelope
575 2164 669 2219 lustris
687 2166 794 2219 errante
813 2164 919 2220 dnobus
956 2196 959 2200 ›

324 2249 359 2304 Et
376 2249 490 2304 totidem
508 2250 601 2305 lustris
620 2249 691 2304 bella
709 2252 819 2318 gerente
837 2249 905 2304 uiro.

290 2335 406 2405 Respice
423 2334 587 2407 Phylaciden
607 2336 634 2388 et
652 2351 722 2404 qnae
739 2351 831 2391 comes
849 2335 904 2390 isse
923 2335 1025 2392 marite

323 2420 420 2474 Fertur
438 2426 466 2475 et
482 2425 546 2474 ante
566 2436 653 2475 annos
671 2421 831 2475 occubuisse
849 2436 923 2476 euos.

290 2505 360 2559 Fata
376 2504 553 2560 Pheretiadae
572 2496 689 2560 coniunx
706 2505 822 2574 Pagasia
839 2505 965 2572 redemit,

249 2601 276 2641 ac
323 2589 430 2660 Proque
448 2589 535 2645 uirost
551 2608 620 2646 uxor
636 2590 731 2645 funere
748 2591 804 2645 lata
821 2591 880 2644 uiri.

289 2677 397 2746 ‘Accipe
416 2692 467 2741 me,
486 2676 623 2746 Capaneu,
642 2676 746 2730 cineres
765 2675 947 2731 miscebimus'
963 2675 1057 2748 iuquit

323 2761 415 2831 lphiae
431 2765 460 2815 in
479 2761 584 2816 medius
603 2761 766 2832 desiluitque
783 2776 873 2829 rogos.

288 2846 352 2915 Ipsa
370 2862 478 2917 quoque
497 2851 524 2901 et
542 2847 644 2902 cultust
661 2851 688 2900 et
706 2846 814 2900 nornine
832 2844 934 2900 femina
952 2845 1055 2903 Virtus.

321 2931 379 2986 Non
398 2932 500 2997 mirum,
519 2931 622 3002 populo
641 2932 664 2986 si
681 2930 774 3001 placet
789 2930 838 2985 illa
854 2947 914 2986 suo.
