2375 3575
509 474 555 508 AB!
569 474 708 508 fflATOllIA.

129 621 134 632 ·
222 606 276 674 Qui
294 606 347 661 sibi
364 609 445 659 notus
464 604 522 668 erit,
540 604 616 659 solus
628 605 766 674 sapienter
778 604 887 670 amabit,

257 693 347 761 Atque
365 706 434 761 opus
452 690 488 744 ad
505 689 577 764 uires
596 690 685 759 exiget
702 706 782 745 omne
799 707 873 746 suas.

225 777 277 832 Cui
293 776 391 831 laniem
409 779 507 830 natura
524 775 606 841 dedit,
626 778 764 845 spectetur
781 776 816 831 ab
833 775 886 830 illa.

146 853 154 862 '
257 862 309 918 Oui
327 861 401 915 oolor
418 865 467 926 est
486 876 577 915 umero
596 876 678 930 saepe
696 864 807 931 patente
826 861 914 917 nubet.

172 970 208 1011 sos
223 948 277 1016 Qui
294 962 418 1003 sermone
435 945 533 1016 placet,
552 947 687 1001 taciturna
704 946 812 1001 silentia
829 946 905 1000 nitet

257 1032 310 1100 Qui
328 1032 489 1097 multante,
507 1034 596 1086 sanat.
616 1031 662 1102 qni
680 1031 747 1086 bibit
766 1035 834 1097 arte,
853 1031 936 1087 bibat.

148 1139 155 1148 ·
223 1118 280 1175 Sed
297 1132 386 1187 neque
404 1117 555 1172 declament
572 1117 661 1171 medio
680 1133 803 1172 sermone
821 1116 929 1182 diserti,

258 1202 313 1257 Neo
330 1219 382 1257 sua
398 1219 453 1256 uon
471 1218 555 1257 sanus
573 1202 675 1273 scripta
692 1206 775 1272 poeta
792 1202 881 1271 legat?

226 1288 273 1344 Sic
290 1288 395 1341 monuit
411 1287 544 1343 Phoebus.
563 1287 674 1343 Phoebo
692 1293 786 1357 parete
805 1288 932 1343 monenti.

178 1367 228 1432 sro'
261 1374 343 1427 Certa
360 1372 402 1427 dei
420 1378 526 1428 saerost
543 1373 624 1429 buius
641 1374 670 1427 in
688 1390 734 1427 ore
751 1373 826 1428 fides.

226 1460 267 1512 Ad
285 1458 414 1528 propiora
430 1474 520 1513 uocor.
539 1459 663 1529 quisquis
681 1458 818 1529 sapienter
836 1459 948 1524 amabit,

262 1544 355 1598 Vinoot
373 1549 401 1598 et
418 1560 433 1598 e
451 1547 556 1608 nostra,
575 1544 649 1614 quod
666 1548 752 1614 petet,
771 1549 829 1599 arte
847 1544 923 1598 feret.

218 1630 336 1685 ‘Credita
354 1645 408 1684 nou
425 1646 531 1699 semper
549 1630 617 1684 suloi
635 1645 695 1683 oum
713 1630 823 1684 foenore
841 1629 968 1695 reddunt,

192 1749 195 1754 -
260 1715 315 1770 Neo
333 1731 439 1785 semper
456 1714 552 1769 dubias
570 1714 682 1769 adiuuat
700 1732 766 1769 aura
783 1719 865 1770 rates.

179 1818 213 1856 ers
226 1802 306 1870 Quod
323 1801 410 1867 iuuat,
430 1801 563 1870 exiguum,
582 1801 644 1870 plus
657 1805 705 1866 est,
726 1801 798 1871 quod
811 1801 901 1856 laedat
913 1806 1043 1855 amantes.

261 1887 416 1957 Proponant
433 1887 523 1941 animo
541 1887 626 1941 multo
643 1886 755 1941 ferenda
772 1904 830 1942 sno.

227 1974 300 2041 Quot
316 1972 424 2042 lepores
437 1973 465 2027 in
478 1973 557 2038 Atho,
577 1977 644 2042 quot-
662 1989 728 2043 apes
740 1975 889 2043 pascuntur
905 1972 934 2026 in
945 1971 1043 2042 Hybla,

162 2062 165 2069 '
262 2057 377 2113 Caerula
394 2062 461 2128 quot
478 2058 562 2113 bacas
579 2057 698 2113 Palladis
717 2059 797 2113 arbor
814 2057 906 2123 habet,

227 2145 329 2198 Littore
347 2147 414 2213 quot
431 2143 562 2208 eonobae,
581 2147 624 2198 tot
640 2147 705 2198 sunt
721 2143 749 2197 in
767 2159 858 2197 amore
877 2143 991 2198 dolores.

184 2240 214 2280 uo
261 2230 337 2297 Quae
354 2228 479 2299 patimur,
498 2228 582 2283 multu
601 2229 706 2299 spioula
723 2228 785 2283 felle
802 2229 919 2283 madent

145 2302 147 2313 ¹
227 2316 307 2370 Dicta
325 2315 375 2369 erit
391 2313 447 2369 isse
464 2314 544 2379 foras,
564 2330 646 2385 quam
664 2319 693 2368 tn
711 2313 828 2368 fortasse
846 2313 958 2369 uidebis.

261 2401 319 2455 Isse
336 2398 411 2455 foras
429 2402 457 2454 et
473 2404 501 2454 te
518 2398 589 2454 falsa
606 2399 699 2454 uidere
717 2404 792 2469 puta.

228 2487 328 2541 Clausa
344 2484 393 2540 tibi
411 2484 493 2539 fuerit
510 2485 644 2554 promissa
662 2485 743 2539 ianua
760 2488 848 2539 nocte.

261 2570 353 2626 Perfer
371 2572 398 2624 et
414 2570 545 2625 inmunda
561 2587 663 2640 ponere
681 2586 779 2640 eorpus
797 2571 887 2625 humo.

158 2684 163 2701 .
189 2664 218 2704 eas
231 2656 357 2711 Forsitan
375 2660 402 2710 et
419 2655 496 2710 uultu
514 2655 631 2709 mendax
649 2655 746 2711 aneilla
764 2655 880 2725 superbo

160 2748 169 2827 3
263 2742 342 2796 Dicet
360 2741 432 2811 ‘qnid
451 2743 559 2799 nostras
577 2740 684 2796 obsidet
700 2741 753 2795 iste
771 2740 869 2795 foresl’

165 2832 170 2893 ζ
230 2827 356 2883 Postibus
374 2830 402 2881 et
419 2826 502 2881 durae
519 2826 635 2896 supplex
653 2825 774 2881 blandire
790 2825 897 2896 puellae

262 2912 298 2967 Et
315 2912 398 2982 ospiti
416 2913 540 2982 demptas
557 2912 584 2966 in
603 2911 660 2966 fore
677 2927 749 2981 pons
766 2927 852 2968 rosas.

880 3017 906 3059 ζ.
