2375 3575
454 457 501 489 nne
514 456 653 490 amaremur.
906 433 938 487 29

129 598 159 637 te
172 587 308 657 Pugnabit
325 585 412 656 prime
431 568 555 639 fortassis
574 590 602 640 et
621 585 757 655 ‘improbe’
776 585 854 640 diem.

208 672 359 743 Pugnando
377 670 448 725 uinci
467 686 496 725 se
514 677 607 725 tamen
624 671 669 725 illa
687 670 769 724 uolet.

173 760 292 814 Tantum
310 772 344 811 ne
362 761 478 810 noceant
494 756 594 810 teneris
613 755 684 809 male
701 760 781 825 rapta
798 754 914 821 labellis,

208 844 282 898 Neue
301 841 377 912 queri
394 842 483 911 possit
500 842 567 895 dura
585 841 678 906 fuisse,
699 857 774 895 caue.

173 928 276 985 Oscula
294 928 340 998 qui
358 927 485 997 sumpsit,
505 928 529 981 si
546 944 601 981 non
620 930 647 981 et
665 932 756 982 cetera
774 931 872 993 sumet,

129 1025 161 1065 rto
209 1016 284 1069 Haec
297 1028 416 1083 quoque,
435 1028 505 1082 quae
523 1012 588 1066 data
600 1016 675 1077 sunt,
694 1012 807 1083 perdere
820 1012 917 1081 dignus
935 1012 992 1068 erit.

175 1101 313 1168 Quantum
333 1097 455 1151 defuerat
472 1096 551 1167 pleno
569 1101 634 1167 post
652 1098 746 1152 oscula
763 1098 846 1152 uoto?

209 1185 243 1239 Ei
260 1184 338 1249 mihi,
357 1182 507 1247 rusticitas,
527 1199 581 1236 non
599 1182 747 1252 pudorille
765 1182 824 1237 fuit.

176 1270 237 1324 Vim
255 1269 319 1323 licet
336 1268 466 1338 appelles.
483 1271 589 1336 gratast
607 1268 648 1322 uis
666 1268 720 1322 ista
738 1268 844 1338 puellis.

209 1354 290 1423 Quod
306 1354 394 1419 iuuat,
413 1353 514 1407 inuitae
533 1369 616 1422 saepe
634 1352 742 1408 dedisse
760 1353 863 1407 uolunt.

129 1451 162 1491 us
176 1440 397 1510 Quaecumquest
415 1439 521 1493 ueneris
540 1439 631 1493 subita
647 1438 750 1492 uiolata
767 1438 873 1507 rapina,

212 1525 331 1589 Gaudet,
351 1527 378 1578 et
395 1523 545 1593 inprobitas
563 1523 682 1578 muneris
700 1524 786 1578 instar
803 1522 891 1578 habet.

175 1613 211 1665 At
230 1626 301 1680 quae
319 1625 380 1663 cum
397 1613 492 1679 posset
510 1609 583 1679 cogi,
603 1626 657 1663 nen
674 1612 749 1663 tacta
766 1609 892 1674 recessit,

209 1696 245 1749 Vt
262 1694 370 1750 simulet
388 1694 464 1748 uultu
482 1695 593 1763 gaudia,
612 1695 697 1749 tristis
716 1694 773 1749 erit.

176 1781 238 1836 Vim
254 1783 365 1851 passast
382 1779 497 1835 Phoebe.
516 1779 558 1835 uis
576 1783 619 1836 est
637 1779 720 1835 allata
737 1779 831 1835 sorori.

129 1877 164 1916 sec
211 1867 248 1921 Et
264 1870 358 1935 gratus
375 1869 471 1934 raptae
488 1869 581 1935 raptor
599 1869 712 1936 uterque
730 1865 789 1920 luit.

179 1951 284 2008 Fabula
300 1955 366 2005 nota
384 1951 493 2020 quidem
511 1951 560 2005 sed
577 1967 633 2005 non
649 1951 761 2020 indigna
778 1951 872 2006 referri

213 2036 322 2108 Scyrias
340 2036 489 2090 Haemonio
507 2036 600 2090 iuncta
617 2035 709 2106 puella
725 2035 792 2090 nire.

179 2123 237 2177 lam
255 2123 306 2177 dea
324 2121 450 2176 laudatae
468 2121 580 2176 dederat
598 2121 669 2176 mala
686 2121 807 2191 praemia
825 2121 927 2177 formae

211 2207 287 2262 Colle
304 2207 355 2261 sub
372 2205 455 2260 Idaeo
472 2207 580 2261 uincere
595 2206 681 2274 <digna
698 2207 775 2262 duas.

129 2302 165 2346 tes
178 2293 236 2348 lam
253 2308 337 2347 nurus
355 2291 391 2345 ad
407 2291 543 2346 Priamum
561 2291 670 2347 diuerso
687 2295 800 2347 uenerat
817 2291 892 2358 orbe,

211 2377 350 2447 Graiaque
367 2376 395 2430 in
411 2376 500 2431 iliacis
518 2377 658 2432 moenibus
676 2394 743 2432 uxor
761 2380 826 2432 erat.

179 2463 309 2518 Iurabant
327 2477 420 2516 omnes
437 2462 466 2516 in
483 2462 550 2517 laesi
567 2463 652 2517 uerba
669 2462 766 2517 mariti.

211 2547 280 2602 Nam
298 2546 374 2602 dolor
391 2547 471 2602 unius
489 2547 598 2617 publiea
616 2563 699 2602 causa
716 2547 775 2602 fuit.

180 2633 280 2702 Turpe,
300 2632 353 2687 nisi
369 2631 421 2686 hcc
439 2633 531 2687 matris
549 2633 675 2702 precibus
693 2632 839 2698 tribuisset,
859 2631 977 2689 Achilles

136 2727 170 2767 esc
213 2717 296 2773 Veste
314 2717 400 2771 uirum
417 2717 500 2786 leuga
517 2716 702 2772 dissimulatus
720 2723 785 2772 erat.

180 2803 250 2871 Quid
267 2801 348 2868 facis,
367 2803 502 2857 Aeacide?
520 2819 574 2857 nen
592 2806 657 2858 sunt
672 2807 720 2857 tna
737 2818 848 2858 munera
865 2803 951 2858 lanae.

213 2887 255 2942 Tu
271 2886 365 2942 titulos
384 2887 437 2942 alia
454 2887 572 2944 Palladis
590 2892 648 2944 arte
666 2892 753 2959 petas.
