2375 3575
247 451 294 501 1‘34
571 475 682 511 success.

244 603 272 657 Si
290 608 381 656 tamen
400 603 513 659 exaudis
531 605 644 675 pulchra
663 620 723 659 oum
742 609 828 660 matre
846 611 1002 677 rogantem,

277 689 418 743 Indeserta
437 706 497 744 meo
515 694 625 760 pectore
642 705 727 759 regna
744 706 831 759 geres.

242 773 383 828 Accedant
401 790 484 843 regno
502 775 612 829 nimium
632 791 704 844 uaga
721 778 801 830 turba
817 777 935 846 puellae.

278 860 416 915 Ambobus
434 860 544 931 populis
562 861 603 915 sic
621 860 792 915 uenerandus
811 862 873 916 eris.

604 1083 644 1148 X.

241 1201 282 1256 Tu
301 1202 378 1267 mihi,
396 1206 426 1255 tu
445 1206 518 1256 certe
536 1233 569 1242 —
588 1202 696 1256 memini
715 1234 754 1268 —,
774 1203 921 1268 (haecine,
941 1204 1048 1274 negabas

274 1287 333 1341 Vuo
351 1304 433 1357 posse
452 1288 567 1358 aliquem
585 1291 708 1357 ternpore
726 1304 817 1342 amare
836 1288 914 1343 duas.

240 1372 291 1426 Per
308 1378 336 1426 te
354 1388 404 1441 ego
423 1372 551 1442 decipior.
569 1388 618 1442 per
635 1377 663 1427 tc
682 1372 832 1442 deprensus
850 1374 973 1441 inermis,

274 1457 357 1521 Ecce,
378 1458 446 1512 duas
465 1475 519 1512 uno
537 1462 660 1528 tempore
677 1459 765 1528 turpis
783 1475 854 1512 amo.

216 1543 359 1613 thraque
378 1543 532 1598 formosast.
552 1560 685 1614 operosae
704 1544 821 1599 cultibus
840 1545 946 1601 ambae.

273 1630 384 1683 Artibus
401 1630 430 1683 iu
448 1629 558 1684 dubiost
575 1629 644 1683 haec
662 1629 698 1683 sit
715 1646 750 1683 an
767 1629 814 1683 illa
831 1630 913 1699 prior.

239 1714 379 1768 Pulchrior
395 1715 447 1767 bac
465 1715 545 1769 illast.
564 1714 633 1769 haec
651 1718 693 1769 est
711 1730 820 1785 quoque
838 1715 976 1785 pulchrior
991 1715 1035 1769 illa

271 1801 308 1855 Et
326 1802 412 1870 magis
430 1800 499 1854 haec
518 1800 594 1854 nobis
614 1805 641 1854 et
660 1800 745 1871 magis
763 1801 809 1855 illa
827 1800 927 1872 placet.

238 1887 337 1940 Errant
355 1891 386 1940 ut
404 1887 492 1941 uentis
511 1885 681 1956 discordibus
700 1889 762 1939 acta
780 1885 909 1955 phaselos

201 1987 225 2025 1o
272 1972 474 2041 Diuiduumque
491 1975 586 2026 tenent
605 1971 718 2025 alteret
736 1970 804 2025 alter
822 1987 907 2025 amor.

238 2059 308 2125 Quid
326 2059 460 2126 geminas,
479 2057 607 2128 Erycina,
627 2073 701 2111 meos
720 2056 778 2110 sine
796 2056 849 2110 fine
868 2057 990 2112 dolores?

270 2143 329 2197 Non
348 2149 406 2198 erat
422 2143 450 2196 iu
469 2159 547 2197 curas
566 2159 621 2196 una
638 2141 729 2212 puella
747 2142 834 2196 satis?

147 2226 148 2229 ’
238 2229 307 2296 Quid
325 2228 391 2283 folia
408 2229 561 2292 arboribus,
581 2227 647 2297 quid
666 2228 745 2297 pleno
763 2227 855 2282 sidera
872 2228 961 2294 caelo,

271 2316 301 2368 In
319 2315 389 2368 freta
407 2313 534 2368 collectas
553 2312 609 2366 alta
627 2312 693 2382 quid
711 2312 790 2367 addis
808 2314 914 2384 aquas?

200 2414 223 2450 15
237 2400 291 2454 Sed
308 2405 400 2454 tamen
417 2399 469 2453 hoc
482 2398 589 2463 melius,
610 2397 727 2469 quamsi
745 2399 803 2452 sine
820 2414 913 2453 amore
931 2399 1040 2453 iacerem

270 2486 401 2540 Hostibus
419 2485 528 2539 eueniat
546 2484 603 2538 uita
620 2500 717 2538 seuera
734 2484 810 2538 meis.

235 2571 367 2626 Hostibus
385 2570 494 2625 eueniat
511 2569 594 2623 uiduo
614 2569 729 2624 dormire
747 2568 828 2624 cubili

270 2656 305 2709 Et
323 2656 411 2710 medio
429 2656 489 2710 laxe
507 2671 609 2724 ponere
627 2655 747 2709 membra
763 2658 832 2708 toro.

235 2744 272 2795 At
290 2741 354 2794 mihi
372 2758 472 2795 saeuus
491 2756 566 2793 amor
584 2756 695 2795 somnos
713 2739 857 2809 abrumpat
875 2739 988 2804 inertes,

197 2837 222 2876 no
271 2827 381 2896 Simque
400 2827 452 2879 mei
470 2826 532 2880 lecti
551 2842 605 2879 non
624 2842 675 2896 ego
693 2825 767 2880 solus
785 2841 864 2880 onus.

233 2912 276 2966 Me
296 2927 355 2965 mea
374 2911 513 2982 disperdat
532 2910 605 2964 nullo
623 2909 783 2980 prohibente
799 2909 903 2979 puella,
