2375 3575
556 474 667 509 UORBS.

562 654 666 721 XIIII.

229 776 301 845 Quid
318 777 395 831 iuuat
412 776 536 831 inmunes
554 775 617 830 belli
636 790 745 829 cessare
763 774 869 844 puellas

263 862 318 917 Nec
334 862 393 916 tera
410 861 529 932 peltatas
547 860 657 930 agmina
674 860 744 915 uelle
763 860 854 931 sequi,

230 947 259 1001 Si
277 947 335 1002 sine
354 950 440 1001 marte
458 947 515 1001 suis
533 946 674 1016 patiuntur
693 945 807 1001 uulnera
823 946 886 1001 telis

263 1032 299 1086 Et
316 1048 413 1087 caecas
432 1034 538 1085 armant
554 1031 583 1086 in
601 1047 653 1085 sua
670 1030 727 1085 iata
745 1032 860 1086 manus?

204 1117 306 1185 sQuae
324 1118 411 1187 prima
428 1116 546 1171 instituit
563 1120 671 1171 teneros
690 1116 843 1172 conuellere
860 1116 944 1181 fetus,

263 1202 357 1256 Militia
373 1202 462 1256 fuerat
480 1201 563 1270 digna
580 1201 669 1271 perire
686 1218 744 1257 sua

229 1287 349 1352 Scilicet,
368 1290 400 1341 ut
417 1291 510 1342 careat
526 1302 655 1355 rugarum
674 1287 784 1342 crimine
803 1291 911 1352 uenter,

263 1373 403 1428 Sternetur
420 1388 529 1443 pugnae
547 1371 633 1427 tristis
652 1388 735 1426 arena
751 1372 835 1426 tuae?

232 1456 260 1511 Si
278 1474 337 1512 mos
357 1457 476 1528 antiquis
494 1457 644 1527 placuisset
660 1458 792 1512 matribus
811 1457 894 1523 idem,

191 1555 216 1593 1o
264 1544 337 1597 Gens
355 1542 491 1597 hominum
511 1542 578 1597 uitio
597 1542 752 1611 deperitura
769 1542 832 1608 fuit,

229 1628 334 1698 Quique
352 1627 449 1682 iterum
466 1627 568 1681 iaceret
585 1626 692 1696 generis
711 1627 859 1697 primordia
876 1629 962 1685 nostri

262 1713 293 1767 ln
311 1728 398 1767 uacuo
415 1712 521 1782 lapides
539 1712 616 1778 orbe,
634 1713 773 1782 parandus
792 1718 859 1768 erat.

228 1799 294 1868 Quis
312 1799 411 1853 Priami
429 1799 558 1869 fregisset
574 1814 650 1868 opes,
669 1799 693 1853 ui
711 1815 810 1854 numen
828 1816 962 1870 aquarum

262 1885 337 1939 iusta
356 1887 511 1939 recusasset
527 1884 651 1954 pondera
666 1883 738 1940 ferre
755 1884 868 1940 Thetis?

191 1980 215 2018 15
228 1971 278 2025 llia
296 1971 319 2024 si
337 1969 440 2025 tumido
458 1971 581 2038 geminos
600 1970 627 2024 in
646 1974 741 2024 uentre
759 1975 893 2036 necasset

263 2057 382 2111 Casurus
401 2055 526 2110 dominae
544 2055 667 2110 conditor
685 2055 758 2110 urbis
776 2060 843 2110 erat.

229 2141 257 2197 Si
277 2141 368 2195 Venus
386 2143 499 2195 Aenean
517 2141 632 2210 grauida
649 2144 810 2196 temerasset
828 2141 856 2196 in
874 2141 946 2208 aluo,

262 2227 425 2281 Caesaribus
443 2226 524 2280 tellus
543 2226 610 2281 orba
627 2226 720 2280 futura
737 2225 796 2280 fuit.

229 2310 269 2365 Tu
288 2328 404 2382 quoque,
423 2327 485 2366 cum
503 2328 601 2381 posses
620 2311 696 2366 nasci
713 2311 994 2382 formosa-perisses,

188 2404 214 2444 20
262 2397 448 2466 Temptasset,
467 2398 602 2467 quodid,
621 2397 644 2451 si
662 2401 711 2450 tua
728 2401 814 2451 mater
832 2414 911 2467 opus.

228 2482 291 2552 Ipse
310 2499 368 2551 ego,
389 2499 449 2536 cum
467 2482 563 2536 fuerim
582 2482 679 2537 melius
697 2483 834 2552 periturus
853 2484 978 2548 amando,

262 2567 395 2622 Vidissem
415 2568 503 2622 nullos
522 2571 608 2622 matre
626 2572 741 2622 necantc
758 2568 824 2623 dies.

229 2653 299 2720 Quid
318 2653 424 2722 plenam
442 2653 554 2708 fraudas
572 2654 656 2708 uitem
675 2653 860 2709 crescentibus
879 2655 941 2711 uuis

263 2738 400 2807 Pomaque
419 2738 521 2792 crudeli
539 2738 617 2794 uellis
636 2739 734 2793 acerba
752 2740 851 2793 manu?

188 2829 213 2869 2⁵
228 2820 331 2891 Sponte
349 2823 435 2877 fluant
452 2827 558 2877 matura
576 2840 634 2878 sua.
653 2825 712 2878 sinc
730 2839 851 2879 crescere
870 2829 944 2879 nata

262 2907 312 2961 Est
329 2908 446 2976 pretium
464 2925 566 2978 paruae
585 2925 639 2964 non
656 2909 716 2964 lcue
734 2910 792 2963 uita
811 2925 910 2964 morae.
