2375 3575
440 479 559 514 maura
572 478 674 513 mroms.
908 455 940 507 91

170 610 228 665 Sed
247 623 437 680 quaecumque
455 607 533 673 uiris,
552 607 630 664 uobis
648 622 758 678 quoquo
776 606 856 673 dicta
875 606 991 677 puellae,

131 713 157 754 uo
207 693 325 750 Credite.
343 693 458 749 diuersis
476 692 600 763 partibus
618 710 694 748 arma
711 692 816 747 damus.

170 781 194 835 E
214 780 314 851 quihus
332 779 492 834 adnostros
510 778 600 849 siquid
619 794 673 832 non
691 778 809 848 pertinet
825 794 905 843 usus,

207 867 336 920 Attamen
355 862 478 933 exemplo
495 863 580 918 multa
598 863 695 918 docere
712 866 812 933 potest

171 951 245 1006 Vtile
263 950 462 1020 propositnmst
478 965 577 1005 saeuas
596 949 753 1017 extinguere
770 948 894 1003 flammas

207 1036 264 1090 Nec
281 1051 390 1091 seruum
408 1034 466 1089 uitii
484 1038 580 1105 pectus
598 1034 698 1089 hahere
716 1034 766 1089 sui.

134 1121 295 1178 revixisset
310 1119 422 1190 Phyllis,
442 1120 465 1175 si
483 1136 526 1174 me
543 1120 612 1175 foret
630 1136 681 1176 usa
698 1110 840 1189 magistro,

209 1207 245 1261 Et
263 1222 313 1275 per
330 1206 403 1275 quod
422 1206 547 1270 nouiens,
566 1206 676 1276 saepius
694 1205 763 1260 isset
779 1204 839 1259 iter.

173 1292 230 1346 Nec
250 1292 367 1346 moriens
385 1290 456 1345 Dido
475 1307 582 1345 summa
599 1290 714 1347 uidisset
732 1291 767 1346 ab
785 1306 859 1350 arce,

209 1376 364 1432 Dardanias
383 1379 464 1431 uento
484 1376 546 1431 uela
563 1376 672 1431 dedisse
690 1380 772 1431 rates.

173 1463 230 1518 Nec
249 1461 326 1516 dolor
343 1467 477 1516 armasset
494 1467 589 1517 contra
608 1477 658 1516 sua
675 1462 782 1517 uiscera
799 1465 924 1525 matrem,

135 1566 161 1604 eo
209 1548 287 1616 Quae
304 1547 372 1602 socii
391 1547 489 1602 damno
508 1547 650 1616 sanguinis
669 1547 726 1601 ulta
743 1547 866 1601 uirumst

174 1636 242 1689 Arte
259 1648 320 1687 mea
337 1631 446 1698 Tereus,
465 1633 590 1703 quamuis
609 1631 757 1687 Philomela
774 1632 907 1702 placeret,

208 1718 260 1773 Per
277 1718 385 1773 facinus
402 1718 460 1771 fieri
478 1734 531 1772 non
549 1717 694 1772 meruisset
712 1717 780 1772 auis.

174 1805 218 1882 Da
237 1804 301 1858 mihi
318 1804 484 1874 Pasiphaen,
503 1805 557 1858 iam
574 1804 646 1858 tauri
664 1809 747 1874 ponet
764 1819 891 1858 amorem.

209 1891 254 1944 Da
269 1889 432 1954 Phaedram,
450 1889 590 1944 Phaedrae
607 1889 695 1959 turpis
713 1888 799 1944 abibit
816 1904 898 1942 amor.

136 1993 161 2030 oa
175 1975 270 2030 Redde
289 1975 376 2031 Parim
394 1974 484 2041 nohis,
502 1974 625 2029 Helenen
642 1973 781 2029 Menelaus
799 1974 920 2038 habehit,

210 2060 265 2115 Nec
284 2060 407 2115 manibus
424 2059 527 2114 Danais
545 2059 678 2129 Pergama
695 2060 769 2114 uicta
787 2059 893 2113 cadent.

174 2146 264 2216 Impia
282 2145 306 2200 si
323 2149 431 2201 nostros
448 2145 562 2214 legisset
579 2143 670 2217 Scylla
688 2144 805 2210 libellos,

210 2231 355 2286 Haesisset
372 2230 454 2301 capiti
471 2247 605 2301 purpura,
623 2229 698 2296 Nise,
717 2235 773 2284 tuo.

174 2318 218 2372 Me
237 2317 307 2371 duce
324 2314 483 2381 damnosas,
502 2316 638 2380 homines,
658 2314 814 2385 conpescite
833 2329 924 2379 curas,

138 2419 163 2456 ro
210 2402 352 2471 Rectaque
366 2417 430 2466 ,cum
449 2401 531 2456 sociis
549 2417 592 2455 me
611 2401 680 2455 duce
697 2399 776 2454 nauis
795 2404 847 2454 eat.

176 2488 249 2543 Naso
268 2486 399 2556 legendus
417 2490 487 2550 erat,
504 2491 563 2541 tum
581 2501 642 2540 cum
661 2485 793 2541 didicistis
811 2501 910 2539 amare.

210 2573 287 2627 Idem
305 2589 377 2627 nunc
393 2571 471 2627 nobis
489 2571 560 2626 Naso
578 2570 710 2641 legendus
729 2571 786 2625 erit.

176 2658 305 2715 Publicus
323 2662 442 2712 assertor
460 2657 576 2712 dominis
594 2672 744 2727 suppressa
760 2655 859 2711 leuabo

213 2744 335 2799 Pectora.
353 2742 490 2797 uindictae
508 2742 624 2812 quisque
641 2741 733 2800 fauete
751 2756 825 2795 suae.

141 2844 164 2880 ru
178 2830 218 2884 Te
236 2845 333 2900 precor
349 2828 494 2897 incipiens,
514 2827 586 2882 adsit
603 2831 651 2882 tua
668 2826 763 2881 laurea
780 2826 872 2892 nobis,
954 2880 957 2888 ,

212 2914 345 2970 Carminis
362 2918 391 2969 et
407 2913 541 2978 medicae,
559 2912 680 2977 Phoebe,
699 2914 822 2981 repertor
839 2911 908 2981 opis.
