2375 3575
516 496 625 530 antonne.
907 471 952 525 181

184 627 306 694 Tempus
324 630 383 679 erat
400 626 495 696 thyrso
512 626 621 695 pulsum
640 625 765 693 grauiore
784 625 893 679 moueri.

219 712 364 765 Cessatum
382 712 450 765 satis
469 716 518 765 est.
537 712 627 780 incipe
646 710 733 764 maius
752 727 830 779 opus,

143 810 168 849 aa
184 796 298 850 Materia
315 797 415 865 premis
432 797 577 866 ingenium.
599 812 666 850 cane
683 796 758 849 lacta
776 796 901 849 uirorum.

220 881 312 934 “Haec
331 882 440 935 animo“
457 882 532 935 dices
553 889 634 936 ‘area
651 883 726 935 facta
744 882 857 935 meost.”

183 966 262 1033 Quod
281 970 392 1020 tenerae
409 970 519 1020 cantent
537 968 602 1021 lusit
620 972 669 1020 tua
687 983 765 1021 musa
782 965 902 1035 puellae,

217 1050 361 1120 Primaque
379 1068 427 1120 per
446 1068 572 1107 numeros
592 1056 655 1106 aeta
673 1053 785 1105 iuuenta
803 1067 876 1115 suos,

183 1136 260 1190 lt'unc
277 1136 392 1191 habeam
410 1153 459 1207 per
476 1143 504 1191 te
521 1137 646 1191 Romana
663 1137 817 1205 Tragoedia
835 1152 932 1190 nomen

142 1239 169 1275 co
218 1221 344 1289 Implebit
362 1221 436 1291 leges
455 1223 567 1291 spiritus
585 1224 638 1277 iste
656 1222 748 1275 meas’

182 1306 330 1361 Hactenus.
350 1311 378 1361 et
398 1308 482 1360 mouit
500 1307 581 1377 pictis
600 1308 692 1361 innixa
711 1307 850 1360 cothurnis

216 1391 338 1446 Densum
357 1393 478 1446 caesarie
497 1399 593 1462 terque
613 1396 763 1462 quaterque
783 1397 872 1460 caput.

183 1476 282 1540 Altera„
302 1478 326 1531 si
344 1475 459 1536 memini.
478 1478 549 1532 limis
568 1478 680 1532 subrisit
697 1477 799 1531 ocellis.

216 1560 317 1624 Fallor,
334 1580 370 1617 au
387 1564 414 1616 in
435 1564 530 1617 dextra
547 1567 653 1634 myrtea
670 1563 748 1631 uirga
765 1564 832 1616 luit?
872 1600 874 1603 -

140 1662 167 1698 aa
183 1646 264 1713 Quid
282 1648 412 1715 graumus
431 1649 530 1708 uerbis,
550 1650 675 1703 animosa
693 1647 867 1717 Tragoedia‚’
885 1646 953 1700 dixit
979 1689 988 1705 .

216 1730 266 1785 ‘Me
283 1734 402 1802 premis?
421 1750 456 1788 an
476 1749 622 1804 numquam
642 1750 695 1788 non
714 1734 805 1802 grauis
824 1748 886 1788 esse
903 1735 1003 1801 potes?

181 1818 324 1886 lnparibus
343 1823 435 1873 tamen
454 1836 484 1874 es
503 1821 622 1874 numeris
636 1821 753 1888 -dignata
771 1819 883 1873 moueri.

214 1903 245 1957 ln
264 1919 306 1957 me
324 1907 454 1973 pugnasti
473 1905 598 1959 uersibus
617 1921 668 1959 usa
686 1905 762 1959 meis.

179 1987 239 2041 Non
257 2004 308 2057 ego
326 1990 485 2044 contulerim
503 1991 630 2044 sublimia
647 1991 767 2044 carmina
785 1990 894 2044 nostris.

136 2087 164 2123 ro
214 2072 310 2128 Obruit
329 2075 441 2143 exiguas
459 2077 535 2145 regia
553 2081 646 2130 uestra
663 2076 745 2130 fores.

177 2160 245 2212 Sum
262 2157 338 2225 leuis,
358 2164 386 2213 et
403 2176 508 2215 mecum
526 2161 594 2215 leuis
614 2167 662 2225 est
682 2177 743 2215 mea
760 2177 832 2226 cura,
852 2159 965 2229 Cupido.

212 2243 271 2297 Non
289 2260 349 2298 sum
369 2246 482 2300 materia
499 2246 593 2301 fortior
611 2247 673 2316 ipsa
691 2263 759 2300 mea.

177 2328 291 2382 Rustica
310 2332 346 2383 sit
364 2331 422 2385 sine
441 2348 483 2385 me
502 2331 598 2386 lasciui
617 2337 703 2386 mater
721 2332 837 2387 Amoris.

210 2414 281 2468 Huic
300 2431 351 2483 ego
369 2418 482 2485 prouoni
501 2417 563 2471 lena
581 2433 728 2487 comesque
746 2419 822 2472 deae.

135 2509 161 2547 4⁵
176 2500 264 2567 (tuam
283 2504 313 2553 tu
331 2516 386 2554 non
405 2502 508 2571 poteris
527 2502 596 2556 duro
614 2518 735 2557 reserare
754 2503 895 2557 cothurno.

208 2584 285 2638 Haeo
303 2588 345 2640 est
362 2585 501 2641 blanditiis
519 2587 602 2641 ianua
619 2588 682 2642 laxa
699 2590 775 2643 meis.

176 2669 210 2723 Et
227 2673 319 2724 tamen
338 2672 439 2725 emerui
456 2672 519 2742 plus
538 2690 620 2744 quam
639 2677 667 2728 tn
686 2690 770 2742 posse
788 2673 901 2727 terendo

208 2753 293 2809 blulta
311 2757 455 2825 supercilio
474 2774 528 2812 non
546 2759 677 2829 patienda
694 2764 751 2813 tuo.

173 2839 225 2892 Per
243 2855 286 2894 me
304 2840 421 2911 decepto
440 2842 534 2898 didicit
552 2846 666 2900 custode
686 2845 804 2900 Corinna

133 2937 160 2975 so
209 2924 321 2980 Liminis
339 2927 463 2982 adstricti
483 2927 630 2985 sollicitare
650 2931 728 2985 fidem
