2375 3575
236 464 287 517 208
566 484 676 519 arnonus.

236 616 376 679 Fallimur,
394 632 430 669 an
447 613 549 668 nostris
567 613 686 667 innotuit
703 612 750 666 illa
767 612 883 668 libellis?

211 735 213 738 -
271 700 317 755 Sic
334 700 385 756 erit
410 700 519 769 ingenio
537 698 660 767 prostitit
676 697 723 751 illa
742 714 811 751 meo,

236 786 272 840 nt
290 785 393 839 merito.
412 784 478 855 quid
496 784 567 837 enim
585 782 689 836 formae
708 784 855 851 praeconia
871 783 937 838 ieci?

200 888 224 927 uo
272 869 421 925 Vendibilis
439 868 521 938 culpa
537 868 613 921 facta
630 867 723 936 puella
740 872 836 922 meast.

236 956 279 1009 Me
296 955 394 1009 lenone
411 953 508 1023 placet
526 952 597 1005 duce
614 968 658 1005 me
675 952 825 1021 perductus
843 956 954 1008 amator.

271 1040 357 1093 lanua
373 1054 423 1108 per
441 1044 550 1093 nostras
568 1043 612 1092 est
629 1037 763 1106 adaperta
780 1054 887 1092 manus.

236 1127 279 1178 An
297 1123 414 1194 prosint,
433 1122 552 1189 dubium.
570 1128 723 1176 nocuerunt
739 1124 860 1177 carmina
877 1138 987 1193 semper.

271 1208 393 1262 Inuidiae
411 1207 513 1261 nostris
531 1206 578 1260 illa
595 1208 672 1261 fuere
689 1207 776 1261 bonis.

200 1312 224 1349 rs
238 1295 307 1348 (lum
324 1293 429 1357 Thebe,
449 1308 510 1346 cum
528 1291 611 1345 Troia
627 1292 709 1357 foret,
729 1308 790 1346 cum
809 1292 935 1348 Caesaris
952 1298 1017 1357 acta,

271 1377 412 1448 Ingenium
431 1377 517 1431 mouit
534 1377 594 1431 sola
611 1377 730 1431 Corinna
747 1393 845 1431 meum.

237 1464 350 1517 Auersis
367 1462 471 1516 utinam
488 1462 642 1531 tetigissem
661 1462 781 1516 carmina
797 1462 895 1527 Musis,

271 1547 397 1602 Phoebus
416 1550 444 1600 et
461 1547 599 1616 inceptum
617 1546 788 1601 destituisset
805 1549 888 1616 opus!

238 1633 294 1687 Nec
310 1637 402 1686 tamen
422 1635 452 1685 ut
468 1635 555 1686 testes
573 1648 634 1685 mos
651 1637 694 1686 est
712 1632 806 1685 audire
824 1638 930 1700 poetas.

201 1732 226 1772 ao
272 1718 420 1771 Malueram
439 1716 530 1771 uerbis
548 1716 656 1785 pondus
675 1717 773 1771 abesse
791 1717 866 1771 meis.

239 1803 290 1857 Per
307 1819 358 1857 nos
376 1801 468 1874 Scylla
486 1803 555 1871 patri
575 1819 660 1857 canos
678 1804 769 1856 furata
786 1803 901 1872 capillos

274 1888 355 1942 Pube
364 1888 463 1956 premit
480 1887 590 1942 rabidos
608 1888 822 1958 inguinibusque
841 1898 932 1943 canes}

239 1972 293 2027 Nos
312 1972 427 2041 pedibus
445 1973 544 2041 pinnas
563 1971 700 2037 dedimus,
720 1988 770 2027 nos
788 1973 908 2028 crinibus
926 1983 1056 2044 angues.

274 2057 365 2111 Victor
383 2057 551 2112 Abantiades
569 2057 634 2112 alito
652 2057 737 2112 fertur
754 2073 834 2127 equo.

201 2156 227 2196 aa
239 2143 313 2196 Idem
332 2158 381 2211 per
399 2142 517 2211 spatium
536 2142 635 2212 Tityon
653 2143 821 2211 porreximus
840 2143 936 2211 iugens

274 2227 309 2281 Et
326 2227 379 2280 tria
397 2227 507 2296 uipereo
525 2227 640 2281 fecimus
659 2244 707 2282 ora
725 2227 795 2282 cani.

239 2312 365 2366 Fecimus
383 2312 550 2366 Enceladum
568 2312 732 2367 iaculantem
752 2312 823 2366 mille
842 2312 964 2377 lacertis,

273 2397 424 2465 Ambiguae
442 2402 538 2466 captos
557 2397 670 2466 uirginis
689 2413 735 2451 ore
755 2397 837 2452 uiros.

240 2481 349 2536 Aeolios
368 2482 469 2536 Ithacis
487 2482 646 2536 inclusimus
664 2483 769 2537 utribus
788 2497 880 2547 euros,

202 2579 227 2617 ao
275 2567 399 2621 Proditor
416 2567 443 2621 in
461 2567 552 2620 medio
569 2566 703 2622 Tantalus
722 2583 801 2621 amne
819 2567 885 2621 sitit.

241 2651 281 2704 De
299 2652 383 2707 Niobe
402 2652 517 2717 silicem,
537 2653 571 2706 de
590 2652 696 2720 uirgine
713 2652 828 2707 fecimus
847 2667 947 2706 ursam.

275 2736 400 2790 Concinit
418 2737 562 2808 Odrysium
580 2737 711 2807 Cecropis
729 2738 785 2792 ales
803 2736 872 2808 Ityn.

240 2821 428 2891 luppiteruut
444 2822 471 2875 in
490 2839 556 2876 aues
574 2828 622 2877 aut
640 2840 670 2877 se
687 2823 865 2877 transformat
882 2821 910 2875 in
928 2836 1022 2875 aurum

273 2908 330 2960 Aut
347 2911 424 2961 secat
441 2907 561 2976 inposita
579 2907 684 2977 uirgine
703 2913 797 2962 taurus
816 2922 913 2977 aquas.
