2375 3575
238 452 273 505 88
519 472 566 506 nas
580 471 720 506 unacum.

187 619 225 656 res
238 605 279 659 Tu
298 618 414 674 queque,
433 602 476 656 cui
493 602 568 670 rugis
585 606 692 655 uterum
711 599 815 654 Lucina
833 599 953 663 notauit,

273 689 308 744 Vt
326 690 396 744 celer
414 686 518 741 auersis
535 690 612 740 utere
629 684 745 739 Parthus
764 684 851 754 equis.

238 775 310 830 Mille
328 773 401 828 modi
418 771 534 827 ueneris.
554 770 669 839 simplex
686 769 845 840 minimique
861 769 973 832 laboris,

274 862 341 915 Cum
358 859 430 913 iacet
445 858 472 912 in
492 858 615 911 dextrum
634 854 801 925 semisupina
818 855 899 910 latus.

241 947 296 1001 Sed
313 960 401 1015 neque
418 942 536 998 Phoebei
552 940 674 1010 tripodes
693 955 743 993 nec
761 941 886 1009 corniger
905 941 1014 995 Ammon

190 1045 228 1082 ree
276 1030 346 1084 Vera
362 1029 449 1097 magis
468 1028 546 1083 uobis
564 1042 645 1097 quam
664 1041 725 1079 urea
742 1025 819 1080 Musa
838 1031 926 1081 canet.

243 1117 328 1185 Siqua
344 1115 420 1179 fides,
439 1114 498 1178 arti,
517 1128 599 1183 qnam
616 1110 698 1178 longo
716 1110 831 1165 fecimus
850 1127 915 1176 usu,

276 1200 392 1255 Credite.
411 1198 591 1269 praestabunt
608 1196 728 1252 carmina
747 1202 843 1251 uestra
859 1195 950 1251 fidem.

243 1286 349 1340 Sentiat
366 1300 399 1339 ex
417 1284 478 1339 imis
496 1299 622 1338 uenerem
641 1281 762 1336 resoluta
779 1280 907 1336 medullis

276 1370 400 1434 Femina,
419 1373 447 1423 et
464 1385 497 1423 ex
515 1384 603 1438 aequo
621 1383 665 1421 res
683 1366 759 1422 iuuet
775 1365 822 1421 illa
840 1366 919 1421 duos.

192 1470 230 1507 rsa
243 1457 298 1511 Nec
314 1454 429 1510 blandae
448 1469 530 1508 uoces
548 1452 720 1521 iucundaque
738 1467 876 1506 murmura
893 1455 1010 1515 cessent,

277 1541 332 1596 Nec
349 1543 459 1594 taceant
476 1538 573 1593 mediis
590 1538 715 1607 improba
732 1537 816 1592 uerba
833 1536 911 1592 iocis.

244 1627 286 1682 'lu
304 1640 424 1697 quoqne,
444 1624 487 1677 cni
505 1624 613 1678 ueneris
630 1638 741 1678 sensnm
758 1626 856 1677 natura
872 1623 997 1692 negauit,

279 1711 375 1766 Dulcia
392 1709 515 1765 mendaci
532 1709 633 1778 gaudia
649 1708 721 1777 finge
739 1723 814 1761 suno.

246 1798 348 1863 Infelix,
368 1798 410 1853 cni
428 1800 520 1866 torpet
537 1795 622 1852 hebes
640 1796 715 1849 locus
733 1794 789 1858 ille,
807 1793 913 1863 puella,

196 1905 234 1942 scu
281 1884 341 1951 Quo
358 1883 459 1953 pariter
477 1881 577 1936 debent
593 1880 695 1934 femina
712 1880 807 1949 uirque
824 1879 885 1933 frui.

247 1970 376 2034 Tantum,
396 1983 456 2021 curn
473 1967 572 2035 finges,
592 1982 626 2020 ne
644 1966 682 2020 sis
700 1965 858 2030 manifesta,
876 1969 987 2030 cauete,

282 2054 367 2108 Effice
384 2069 433 2123 per
450 2056 554 2106 motum
571 2051 728 2121 luminaque
745 2051 807 2121 ipsa
824 2049 914 2105 fidem.

248 2141 335 2208 Quam
352 2140 435 2204 iuuet,
454 2142 482 2192 et
499 2153 581 2192 nuces
600 2140 629 2191 et
646 2136 780 2191 anhelitus
798 2138 897 2204 arguat
914 2135 978 2190 oris.

284 2228 318 2292 Α,
337 2224 429 2295 pudet.
448 2239 562 2277 arcanas
580 2239 645 2292 pars
663 2222 746 2276 habet
763 2221 817 2275 ista
834 2223 923 2276 nutas.

199 2330 236 2366 sm
250 2311 357 2367 Gaudia
373 2313 437 2380 post
456 2309 565 2363 Veneris
584 2323 654 2378 quae
672 2312 769 2377 poscet
786 2321 884 2360 munus
901 2310 1044 2361 amantem,

284 2397 333 2451 llla
350 2413 415 2452 suas
433 2395 508 2449 nolet
524 2394 632 2464 pondus
650 2393 749 2448 habere
766 2407 869 2462 preces.

250 2484 303 2537 Nec
321 2482 408 2536 lucem
426 2482 453 2535 in
471 2480 607 2534 thalamos
625 2479 691 2532 tutis
709 2477 821 2532 admitte
839 2476 976 2532 fenestris.

285 2567 383 2637 Aptius
401 2566 428 2620 in
446 2570 537 2621 nestro
554 2580 669 2634 corpore
685 2563 771 2617 multa
787 2562 881 2617 latent

252 2654 340 2708 Lusus
358 2653 441 2707 habet
458 2652 546 2706 finem.
567 2651 661 2722 cygnis
680 2649 845 2704 descendere
862 2651 985 2718 tempus,

201 2753 238 2792 siu
285 2738 427 2793 Duxerunt
445 2737 514 2792 collo
533 2737 579 2807 qni
596 2737 661 2804 iuga
678 2739 772 2789 nostra
789 2749 848 2789 suu.

254 2824 287 2877 Vt
305 2822 442 2893 quondam
459 2822 585 2886 iuuenes,
604 2821 644 2874 ita
661 2837 733 2875 nunc
750 2835 812 2873 mea
827 2818 908 2873 turba
925 2816 1035 2888 puellae

287 2908 440 2964 Inscribant
457 2906 552 2978 spoliis
570 2907 651 2961 ‘Nasu
669 2906 797 2976 magister
815 2904 890 2959 erat’
