2375 3575
550 509 658 570 uuonan.
936 484 985 537 213

187 658 202 695 5
219 639 315 709 Siquid
332 640 433 706 idest,
453 655 539 709 usque
558 656 575 693 a
591 638 701 710 proauis
720 642 799 693 uetus
818 637 919 693 ordinis
937 637 1023 703 heres,

253 725 311 779 Non
330 726 410 779 modo
428 724 540 779 militiae
558 725 664 779 turbine
682 724 770 779 iaetus
788 739 881 793 eques.

217 811 329 865 Mantua
348 810 464 879 Vergilio
483 810 596 878 gaudet,
616 809 722 864 Verona
740 808 854 863 Catullo.

253 896 398 964 Paelignae
416 896 490 950 dicar
508 895 594 964 gloria
611 895 699 963 gentis
717 910 780 963 ego,

218 983 304 1049 Quam
323 998 373 1036 sua
390 981 501 1035 libertas
520 981 554 1034 ad
573 981 689 1035 honesta
707 984 834 1050 coegerat
851 996 937 1045 arma,

176 1084 205 1122 10
254 1066 321 1121 Cum
339 1067 429 1120 timuit
446 1067 535 1121 socias
554 1066 635 1119 anxia
651 1066 738 1119 Roma
757 1081 860 1119 manus·

218 1153 309 1221 Atque
327 1151 425 1222 aliquis
443 1157 572 1222 spectans
590 1150 691 1220 hospes
709 1150 845 1205 Sulmonis
864 1150 960 1220 aquosi

252 1237 370 1302 Moenia,
390 1254 459 1307 quae
478 1238 566 1307 campi
585 1237 679 1307 iugera
697 1253 783 1306 parua
801 1240 907 1301 tenent,

219 1323 303 1390 ‘Quae
320 1324 435 1376 tantum'
454 1323 526 1377 dicet
545 1322 679 1392 ‘potuistis
697 1322 767 1376 serre
784 1326 906 1391 poetam,
957 1367 960 1374 ⁴

252 1408 506 1477 Quantulacumque
525 1408 602 1472 estis,
621 1424 671 1463 uos
690 1423 741 1476 ego
759 1423 859 1475 magna
876 1408 963 1462 uoco'

152 1515 154 1519 ·
180 1508 204 1546 ro
218 1495 297 1548 Culte
315 1510 382 1563 puer
399 1494 531 1563 puerique
548 1509 648 1563 parens
666 1493 827 1547 Amathusia
846 1492 922 1558 culti,

253 1583 342 1634 Aurea
360 1580 394 1633 de
412 1595 509 1648 eampo
528 1578 619 1633 uellite
637 1579 716 1649 signa
734 1595 801 1633 meo.

217 1665 347 1734 Corniger
364 1664 498 1735 increpuit
515 1664 609 1736 thyrso
627 1665 752 1732 grauiore
769 1664 884 1736 Lyaeus.

250 1750 416 1806 Pulsandast
434 1750 539 1820 magnis
558 1765 622 1804 area
640 1750 725 1805 maior
744 1750 828 1820 equis.

217 1836 342 1891 imbelles
359 1837 442 1906 elegi,
462 1835 577 1906 genialis
597 1852 685 1901 musa,
704 1836 808 1903 ualete,

129 1975 132 1995 ¹
177 1935 203 1976 ao
251 1923 317 1977 Post
335 1939 396 1977 mea
412 1938 568 1976 mansurum
587 1921 646 1976 fata
663 1926 803 1992 superstes
822 1922 904 1991 opus!
