2375 3575
501 498 609 531 AMORES.

491 679 618 745 VIlllb.

173 800 258 854 ‘Viae’
277 799 344 854 deus
363 798 470 869 ‘posito’
489 798 575 867 siquis
594 797 658 852 milri
677 798 750 852 dicat
769 801 888 861 ‘amore’‚

129 904 132 909 ·
208 884 355 954 Deprecen
372 900 459 953 usquc
477 884 546 938 adeo
565 882 644 937 dulce
662 882 753 952 puella
770 883 905 938 malumst.

173 973 240 1024 Cum
259 971 329 1024 bene
346 972 540 1040 pertaesumst‚
560 968 705 1038 animoque
722 968 856 1037 relanguit
873 970 965 1035 ardor,

208 1056 305 1110 Nescio
323 1070 377 1124 quo
395 1054 510 1109 miserae
527 1054 634 1107 turbine
652 1054 750 1107 mentis
769 1069 843 1122 agor.

149 1141 208 1195 avt
225 1141 297 1210 rapit
314 1140 341 1193 in
360 1155 491 1210 praeceps
510 1139 648 1193 dominum
666 1140 822 1207 spumantia
840 1141 939 1194 frustra

207 1226 296 1281 Frena
313 1229 493 1280 retentantem
512 1226 604 1279 durior
622 1225 676 1279 oris
695 1240 793 1295 equus,

175 1312 208 1365 Vt
226 1311 332 1366 subitus
351 1327 436 1380 prope
454 1311 507 1364 iam
525 1327 626 1380 prensa
644 1310 741 1364 tellure
758 1310 878 1364 carinam

207 1396 376 1464 Tangentem
394 1402 489 1465 portus
509 1402 606 1450 uentus
624 1397 653 1451 in
670 1396 727 1450 alta
743 1396 826 1465 rapit,

175 1482 220 1535 Sic
237 1497 281 1534 me
300 1497 384 1549 saepe
402 1481 485 1535 refert
503 1482 608 1535 incerta
626 1481 759 1551 cupidinis
778 1498 855 1547 aura,

142 1579 161 1618 ro
208 1567 332 1635 Notaque
349 1583 503 1636 purpureus
520 1565 576 1620 tela
593 1567 706 1620 resumit
724 1570 811 1621 Amor.

175 1653 253 1721 rige,
272 1668 346 1721 puer.
365 1652 463 1721 positis
481 1652 569 1707 nudus
586 1652 635 1707 tibi
653 1652 785 1721 praebeor
803 1654 892 1706 armis.

210 1737 261 1791 llic
278 1737 325 1792 tibi
344 1740 408 1792 sunt
425 1737 504 1793 uires.
524 1738 568 1793 hic
585 1741 634 1792 tua
652 1738 747 1792 dextra
764 1738 838 1792 facit.

173 1823 246 1883 Huc,
266 1827 403 1892 tamquam
422 1824 525 1888 iussae,
545 1824 659 1878 ueniunt
676 1824 729 1877 iam
748 1827 846 1894 sponte
866 1823 992 1892 sagittae.

209 1909 260 1962 Vix
276 1907 329 1962 illis
346 1924 413 1977 prae
431 1925 473 1963 me
491 1913 558 1963 nota
575 1909 703 1979 pharetra
721 1914 804 1964 suast.

138 2007 160 2045 15
174 1992 283 2057 Infelix,
301 1997 360 2047 tota
377 1994 539 2064 quicumque
558 1995 698 2064 quiescere
717 1999 796 2048 nocte

210 2078 334 2134 Sustinet
351 2082 379 2133 et
396 2095 507 2133 somnos
525 2080 647 2149 praemia
663 2095 763 2148 magna
780 2084 868 2134 uocat.

175 2164 276 2229 Stulte,
300 2163 365 2233 quid
384 2168 426 2218 est
443 2181 555 2220 somnus
573 2165 679 2235 gelidae
698 2165 749 2220 nisi
768 2165 861 2220 mortis
884 2166 992 2236 imago?

210 2248 306 2317 Longa
324 2249 479 2318 quiescendi
499 2255 623 2321 tempora
640 2251 699 2305 fata
716 2251 827 2306 dabunt.

174 2333 217 2387 lile
238 2334 317 2388 modo
335 2334 473 2404 decipiant
491 2351 573 2390 uoces
591 2335 696 2390 fallacis
715 2336 818 2390 amicae
835 2367 868 2376 —

135 2433 161 2472 ao
210 2419 352 2488 Sperando
370 2425 441 2475 certe
460 2421 559 2490 gaudia
578 2436 677 2489 magna
694 2421 779 2475 feram
800 2454 838 2487 —‚

175 2503 211 2557 Et
229 2504 310 2558 modo
327 2504 472 2561 blanditias
490 2505 576 2571 dicat,
594 2507 676 2560 modo
693 2506 781 2576 iurgia
799 2511 902 2572 nectat,

210 2589 299 2658 Saepe
317 2589 391 2644 fruar
409 2591 529 2656 domina,
549 2606 632 2661 saepe
649 2591 775 2662 repulsus
794 2608 861 2646 eam.

174 2675 255 2741 Quod
274 2674 371 2730 dubius
388 2676 460 2731 Mars
479 2681 532 2741 est,
552 2692 600 2746 per
617 2681 645 2730 te
663 2677 786 2747 priuigno
805 2677 949 2746 Oupidost‚

208 2758 246 2814 Et
263 2765 355 2815 monet
372 2761 495 2831 exemplo
514 2761 626 2816 uitricus
645 2778 720 2816 arma
737 2769 792 2817 tuo.

137 2856 161 2894 ns
175 2845 216 2898 'lu
236 2844 305 2899 leuis
323 2861 354 2901 es
371 2846 511 2916 multoque
529 2847 583 2902 tuis
602 2848 741 2902 uentosior
758 2848 822 2913 alis,

209 2930 370 3000 Gaudiaque
388 2931 516 3000 ambigua
533 2932 637 3002 dasque
656 2948 794 3002 negasque
812 2933 873 2987 lide.

801 3038 844 3076 m*
