2375 3575
251 452 297 503 114
510 474 628 507 nnmmnra
642 474 744 508 arronis.

246 603 301 658 Nec
319 619 417 659 causas
436 603 524 672 aperi,
542 618 627 673 qnare
646 602 765 658 diuortia
781 602 868 658 malis

280 689 336 743 Nec
353 688 410 754 die,
430 688 495 759 quid
513 687 614 742 doleas.
635 679 705 742 clam
721 692 812 743 tamen
833 704 923 759 usque
940 690 1009 746 dole,

194 787 233 825 osa
246 774 301 828 Nec
319 780 434 845 peccata
450 773 529 839 refer,
548 789 582 827 ne
601 772 696 829 diluat.
714 774 774 844 ipse
791 772 913 840 tacebis,

282 860 316 911 Vt
333 858 426 913 melior
445 875 530 913 causa
548 874 634 913 causa
652 858 688 913 sit
706 858 752 913 illa
768 863 825 913 tua.

247 945 297 1013 Qui
315 944 390 1009 silet,
408 948 451 999 est
468 944 568 998 firmus.
588 944 634 1014 qui
653 944 720 998 dicit
736 942 822 998 multa
839 945 949 1014 puellae

280 1029 392 1094 Probra,
412 1028 537 1083 satisfieri
557 1028 679 1097 postulat
695 1029 741 1083 ille
758 1029 818 1084 sibi.

248 1115 305 1169 Non
324 1130 375 1184 ego
393 1114 517 1168 Dulichio
534 1112 639 1168 furialis
658 1131 732 1169 more
749 1115 866 1183 sagittas

195 1211 233 1249 mo
280 1199 335 1254 Nec
351 1206 446 1269 raptas
464 1199 551 1254 ausim
568 1199 693 1269 tinguere
711 1200 739 1254 in
756 1216 836 1255 amne
853 1200 943 1268 faces,

246 1284 300 1339 Nec
317 1301 367 1340 nos
386 1301 538 1354 purpureas
555 1284 633 1354 pueri
652 1285 836 1340 resecabimus
855 1285 929 1352 alas,

279 1371 429 1425 Nec-sacer
447 1374 505 1424 arte
523 1386 585 1423 mea
601 1369 688 1425 laxior
705 1386 786 1425 arcus
804 1371 863 1425 erit.

247 1454 429 1518 Consiliumst„
449 1455 640 1525 quodcumque
658 1471 734 1509 cano.
753 1462 847 1526 parete
866 1458 988 1522 canenti,

280 1540 367 1610 thne
386 1540 468 1606 facis,
487 1540 603 1610 coeptis,
622 1540 730 1595 Phoebe
749 1540 869 1607 saluber,
888 1542 965 1598 ades.

195 1636 232 1674 70⁵
246 1625 371 1681 Phoebus
389 1626 475 1681 adest.
494 1640 610 1679 sonuere
627 1625 714 1697 lyrae,
733 1642 848 1680 sonuere
866 1626 1020 1697 pharetrae.

281 1711 366 1779 Signa
383 1712 463 1765 deum
482 1726 566 1765 nosco
585 1727 634 1781 per
652 1727 710 1765 sua.
729 1711 854 1767 Phoebus
872 1713 962 1768 adest

246 1797 345 1852 Confer
364 1797 515 1869 Amyclaeis
534 1798 697 1852 medicatum
716 1797 802 1852 uellus
820 1799 898 1854 aenis

278 1882 379 1937 Murice
398 1899 458 1936 cum
476 1883 564 1954 Tyrio.
582 1885 690 1952 turpius
709 1882 775 1937 illud
793 1883 850 1937 erit.

248 1969 300 2023 Vos
319 1983 428 2038 quoque
445 1968 571 2023 formosis
589 1972 697 2023 uestras
716 1967 836 2023 conferta
853 1970 976 2040 puellas,

195 2063 233 2101 710
281 2053 395 2122 Incipiet
414 2053 540 2107 dominae
558 2068 695 2125 quemque
713 2054 814 2123 pudere
833 2071 909 2110 suae.

245 2139 364 2210 Vtraque
381 2138 518 2193 formosae
534 2137 626 2192 Paridi
644 2143 758 2209 potuere
776 2139 870 2194 uideri.

280 2224 333 2278 Sed
352 2224 403 2279 sibi
421 2223 556 2278 conlatam
575 2224 640 2279 uicit
658 2228 800 2295 utramque
818 2225 919 2281 Venus.

246 2309 300 2363 Nee
318 2310 403 2364 solam
420 2309 531 2375 taciem,
546 2326 639 2364 mores
658 2325 766 2381 quoque
785 2311 878 2365 confer
895 2320 924 2366 et
941 2318 1023 2368 artes

279 2394 395 2449 Tantum
414 2395 512 2449 iudicio
531 2411 563 2448 ne
582 2400 646 2450 tuus
665 2395 738 2450 obsit
755 2412 837 2449 amor.

195 2489 232 2526 715
248 2479 418 2548 Exiguumst,
438 2481 511 2550 quod
529 2480 626 2534 deinde
645 2497 748 2535 canam.
767 2480 817 2535 sed
834 2481 938 2550 profuit
954 2483 1021 2537 illud

280 2565 412 2633 Exiguum
431 2565 529 2620 multis.
548 2565 576 2619 in
594 2566 693 2636 quibus
710 2567 770 2636 ipse
787 2566 834 2620 lui.

246 2650 354 2720 Scripta
371 2667 439 2705 cane
457 2650 563 2718 relegas
581 2651 698 2705 blandae
716 2657 827 2706 seruata
843 2651 960 2722 puellae.

279 2735 437 2791 Constantis
456 2736 560 2791 animos
579 2737 681 2805 scripta
700 2736 800 2792 relecta
817 2741 937 2792 mouent

246 2820 344 2876 Omnia
360 2837 432 2889 pone
449 2822 536 2887 feros,
555 2823 682 2891 quamuis
700 2821 814 2888 inuitus,
834 2822 863 2876 in
879 2823 972 2892 ignee,

194 2913 232 2952 aco
279 2905 314 2959 Et
332 2906 375 2959 dic
393 2906 504 2960 ‘ardoris
522 2909 558 2961 sit
575 2922 659 2975 rogus
677 2907 729 2962 iste
747 2907 817 2962 mei'
