2375 3575
242 468 275 520 70
521 493 567 525 aas
582 494 721 527 eumcum.

241 620 291 675 Oui
308 620 401 690 grauis
418 622 475 676 oris
492 621 567 688 odor,
586 638 732 693 numquam
751 621 842 676 ieiuna
859 622 995 694 loquetur,

276 705 312 760 Et
328 722 436 777 semper
453 708 543 776 spatio
562 707 645 762 distet
663 708 698 763 ab
715 724 762 762 ore
782 707 838 762 uiri.

242 789 271 845 Si
289 792 365 862 niger
382 797 430 847 aut
447 792 542 861 ingens
560 796 680 847 autnon
699 794 749 848 erit
767 792 862 848 ordine
880 797 964 849 natus

192 884 230 925 2⁸⁰
279 877 352 934 Dens
370 878 426 944 tibi,
443 878 557 933 ridendo
575 878 693 933 maxima
712 880 812 955 damna
827 878 909 935 feres.
955 941 960 950 Ι

243 963 310 1030 Quis
329 962 439 1017 credat?
458 964 567 1018 diseunt
585 964 666 1018 etiam
685 965 773 1019 ridere
789 964 905 1035 puellae,

277 1048 420 1117 Quaeritur
438 1064 509 1118 aque
526 1050 579 1104 illis
597 1049 649 1105 hac
668 1066 776 1121 quoque
793 1052 872 1121 parte
891 1049 981 1106 decor.

243 1134 304 1189 Sint
320 1134 418 1189 modici
437 1137 521 1191 rictus
539 1152 697 1206 paruaeque
714 1135 850 1206 utrimque
866 1135 991 1201 lacunae,

278 1222 313 1276 Et
330 1237 450 1277 summos
468 1220 563 1275 dentes
581 1221 636 1274 ima
652 1221 751 1276 labella
768 1224 870 1291 tegant

194 1311 232 1351 285
245 1307 300 1361 Nec
318 1323 369 1361 sna
386 1310 518 1376 perpetuo
537 1307 704 1362 contendant
721 1306 768 1361 ilia
785 1306 854 1372 risu,

278 1392 332 1446 Sed
348 1389 410 1446 leue
429 1391 521 1446 nescio
540 1392 606 1463 quid
623 1392 823 1463 femineumque
841 1396 949 1448 sonent

246 1478 301 1544 Est,
320 1494 391 1549 quae
408 1494 537 1547 peruerse
556 1477 727 1548 distorqueat
744 1494 793 1532 ora
810 1477 952 1533 cachinno.

277 1564 345 1618 Gom
363 1564 420 1619 risu
437 1563 537 1617 laetast
554 1563 651 1629 altera,
671 1563 735 1618 flere
752 1567 842 1635 putes.

244 1648 292 1703 llla
311 1653 392 1704 sonat
409 1666 520 1703 raucum
539 1648 668 1719 quiddam
688 1654 771 1719 atque
788 1648 936 1704 inamabile
954 1647 1030 1713 ridet,

195 1736 232 1778 2⁹⁰
280 1734 315 1791 Vt
331 1735 405 1790 rudit
422 1752 439 1789 a
458 1736 554 1791 scabra
571 1735 659 1805 turpis
677 1733 763 1791 asella
780 1734 859 1789 mola

245 1821 304 1888 Quo
323 1837 376 1875 non
395 1837 439 1875 ars
457 1824 598 1890 penetrat?
620 1822 727 1877 discunt
744 1820 885 1876 lacrimare
903 1819 1042 1885 decenter,

279 1906 393 1977 Quoque
410 1906 506 1962 uolunt
523 1906 632 1977 plorant
649 1911 770 1977 tempore
789 1921 899 1977 quoque
915 1905 1007 1961 modo.

245 1990 323 2059 Quid,
342 2008 402 2046 cum
421 1990 543 2061 legitima
559 1993 701 2047 fraudatur
719 1992 809 2046 littera
827 2006 902 2054 uoce,

279 2077 430 2147 Blaesaque
448 2079 479 2132 fit
496 2077 571 2133 iusso
589 2076 683 2146 lingua
701 2082 797 2133 coacta
815 2076 901 2131 sono?

195 2173 232 2213 29⁵
246 2164 276 2217 ln
294 2164 361 2218 uitio
380 2164 461 2218 decor
478 2168 532 2227 est,
552 2164 685 2234 quaedam
705 2163 775 2217 male
792 2161 906 2216 reddere
923 2161 1017 2217 uerba

279 2250 396 2305 Discunt
412 2266 495 2320 posse
513 2249 611 2314 minus,
630 2264 712 2318 quam
729 2251 850 2318 potuere,
869 2245 954 2317 loqui.

245 2325 377 2391 Omnibus
395 2335 446 2402 his,
465 2335 593 2404 quoniam
612 2338 738 2404 prosunt,
756 2331 896 2403 inpendite
914 2347 1017 2386 curam.

280 2421 384 2476 Discite
402 2420 519 2475 femineo
538 2436 653 2489 corpora
670 2418 740 2473 ferre
758 2417 852 2487 gradu.

247 2507 298 2561 Est
315 2507 387 2561 etin
406 2507 513 2561 incessu
531 2523 596 2576 pars
614 2522 668 2559 nou
687 2507 844 2573 contempta
861 2500 978 2557 decoris.

197 2602 235 2643 roo
281 2592 373 2647 Allicit
390 2592 498 2661 ignotos
516 2591 561 2645 ille
578 2593 711 2662 fugatque
728 2591 810 2644 uiros.

247 2677 322 2732 Haeo
340 2684 433 2732 mouet
450 2682 508 2733 arte
525 2676 597 2731 latus
615 2676 769 2746 tunicisque
786 2672 934 2728 fluentibus
953 2686 1034 2728 auras

282 2763 389 2832 Accipit
407 2767 534 2818 extensos
552 2761 659 2832 fertque
678 2760 795 2829 superba
813 2757 914 2828 pedes,

247 2848 297 2904 llla
314 2848 389 2903 uelut
406 2848 522 2902 coniunx
541 2847 632 2901 Vmbri
649 2843 799 2900 rubicunda
816 2841 906 2898 mariti

282 2934 410 2989 Ambulat
427 2933 544 3003 ingentis
564 2932 656 2985 narica
673 2931 780 2999 fertque
798 2928 908 2999 gradus.
