2375 3575
230 459 277 509 144
556 479 665 514 Arronus.

230 614 319 680 Atque
337 609 432 663 eadem
451 624 555 677 sponsu
573 609 680 663 uinctos
699 613 763 663 ante
782 608 853 662 atria
871 608 963 664 mittis.

189 710 214 748 uo
262 695 345 749 Vnius
365 698 394 747 ut
412 694 486 747 uerbi
505 693 619 762 grandia
637 693 737 747 damna
753 693 852 747 serant.

228 780 282 835 Nec
299 785 330 833 tu
349 778 472 833 consulto
491 794 541 832 nec
558 782 587 832 tu
606 778 725 833 incunda
742 779 853 833 diserto.

174 862 176 866 ’
262 865 374 933 Cogitur
392 863 426 917 ad
445 863 507 917 lites
526 880 636 933 surgere
654 867 769 933 uterque
788 880 884 919 nouas.

230 951 278 1015 Tu,
298 966 357 1003 curn
376 948 483 1002 feminei
505 949 613 1017 possint
631 965 739 1003 cessare
757 948 878 1014 labores,

264 1035 410 1088 Lanificam
428 1049 543 1088 reuocas
561 1034 598 1087 ad
616 1050 666 1088 sna
683 1050 770 1103 pensa
788 1050 908 1089 manum.

190 1136 215 1172 as
230 1120 328 1174 Omnia
345 1122 506 1188 perpeterer
529 1119 577 1172 sed
597 1135 707 1188 surgere
726 1134 805 1173 manc
824 1120 932 1189 puellas

263 1205 337 1271 Quis,
358 1204 407 1258 nisi
426 1204 469 1258 cui
489 1221 542 1257 uon
563 1208 605 1258 est
623 1204 678 1258 ulla
695 1203 794 1273 puella,
812 1204 903 1259 ierat?

229 1290 329 1359 Optaui
347 1288 480 1359 quotiens,
501 1305 534 1342 ne
552 1305 607 1343 nox
624 1289 672 1343 tibi
691 1289 785 1343 cedere
803 1288 895 1354 uellet

262 1374 300 1427 Ne
318 1374 442 1442 fugerent
460 1374 551 1427 uultus
569 1373 658 1428 sidera
676 1379 749 1428 mota
767 1376 843 1428 tuos!

229 1458 329 1528 Optaui
348 1458 481 1528 quotiens,
501 1463 547 1512 aut
566 1465 664 1513 uentus
682 1459 820 1528 frangeret
838 1476 929 1515 axem.

191 1561 215 1596 :ro
263 1545 318 1598 Aut
335 1544 445 1597 caderet
462 1544 553 1613 spissa
570 1545 643 1598 nube
661 1548 782 1598 retentus
800 1546 902 1614 equus!

231 1628 333 1693 [uuida
352 1644 400 1682 cur
416 1630 566 1698 properas?
585 1629 658 1698 quod
677 1632 735 1683 erat
753 1629 800 1683 tibi
819 1630 892 1685 filius
911 1639 981 1686 ater.

264 1713 377 1767 Materni
394 1714 482 1767 fuerat
501 1714 619 1783 pectoris
636 1713 681 1768 illc
695 1714 780 1768 color.

231 1799 347 1853 Tithono
366 1799 463 1853 uellem
482 1801 516 1852 de
534 1806 561 1853 te
580 1817 689 1855 narrare
708 1800 807 1854 liceret.

264 1884 376 1938 Femina
393 1900 446 1938 nou
466 1884 541 1938 caelo
558 1885 664 1954 turpior
682 1884 737 1939 nlla
754 1885 832 1939 foret.

192 1985 216 2021 ss
231 1969 306 2023 [llum
325 1970 389 2023 dum
407 1969 516 2036 refugis,
535 1968 617 2038 longo
636 1970 700 2039 quia
717 1969 846 2038 grandior
863 1987 947 2029 aeuo,

264 2055 358 2123 Surgis
376 2055 411 2108 ad
428 2055 531 2108 inuisas
551 2072 567 2108 a
585 2071 651 2109 sene
669 2053 748 2109 mane
765 2060 848 2110 rotas.

230 2141 266 2193 At
283 2140 313 2205 si,
333 2155 412 2209 quem
431 2139 518 2204 malis,
537 2139 685 2208 Cephalum
704 2141 846 2210 complexa
864 2146 981 2203 teneres,

264 2224 402 2279 clamares
420 2225 500 2279 ‘lente
519 2226 625 2291 currite,
645 2226 733 2280 noctis
751 2226 832 2296 equi.’

230 2311 284 2365 Gur
302 2326 353 2379 ego
371 2309 475 2380 plectar
488 2309 634 2375 amans‚'si
653 2311 694 2364 uir
710 2310 760 2365 tibi
778 2316 881 2366 marcet
899 2313 935 2368 ab
953 2313 1030 2367 annis

191 2410 216 2448 ro
263 2396 332 2450 Num
351 2413 393 2450 me
411 2397 528 2465 nupsisti
548 2396 709 2450 conciliante
728 2395 804 2450 seni?

231 2482 338 2551 Aspice,
354 2484 424 2551 'quot
443 2497 552 2536 somnos
570 2481 662 2535 iuueni
681 2481 789 2534 donarit
806 2485 900 2535 amato

264 2567 348 2620 Luna.
368 2582 455 2636 neque
472 2565 544 2620 illius
562 2567 649 2619 forma
667 2565 787 2620 secunda
804 2569 877 2619 tuae.

231 2653 293 2721 Ipse
311 2652 391 2706 deum
409 2652 522 2720 genitor,
541 2667 575 2705 ue
592 2655 621 2704 tc
638 2655 694 2705 tam
713 2666 796 2720 saepe
814 2649 928 2714 uideret,

264 2737 404 2791 Commisit
422 2741 515 2790 noctes
533 2737 561 2788 in
579 2752 631 2790 sua
648 2740 712 2789 uota
732 2735 808 2790 duas.

191 2835 216 2871 rs
230 2821 320 2890 Iurgia
337 2822 465 2875 finieram.
483 2821 567 2876 scires
586 2820 703 2874 audisse.
722 2819 843 2874 rubebat.

263 2906 318 2960 Nec
335 2910 425 2960 tamen
444 2905 558 2960 adsueto
576 2905 680 2959 tardius
698 2911 758 2958 orta
776 2905 841 2959 dies.
