2375 3575
252 458 299 511 192
576 478 687 515 uonna.

212 625 234 663 1⁵
248 611 324 665 Nunc
341 616 407 679 opto
425 624 541 673 currum,
560 608 595 662 de
613 623 669 677 quo
686 607 811 664 Cerealia
828 609 942 677 primuni

282 694 392 749 Semina
410 698 543 748 uenerunt
558 693 588 746 in
605 693 673 747 rude
690 692 778 747 missa
796 692 892 747 solum.

247 780 408 847 Prodigiosa
425 779 521 848 loquor
538 781 662 831 ueterum
679 778 824 832 mendacia
841 782 942 832 uatum.

281 865 336 919 Nec
354 865 417 918 tulit
434 864 503 918 haec
520 878 650 932 umquam
669 864 806 917 necteret
824 863 881 917 ulla
899 862 963 917 dies.

247 951 288 1005 Tu
306 950 406 1020 potins,
425 948 492 1018 ripis
509 947 595 1002 effuse
614 948 761 1018 capacibus
780 949 881 1013 amnis,
901 980 931 988 -

209 1046 235 1086 ao
282 1036 328 1090 Sic
346 1038 475 1089 aeternus
492 1049 541 1087 eas
561 1064 601 1098 -,
620 1033 712 1088 labere
730 1033 784 1087 fine
801 1035 864 1088 tuo!

248 1119 307 1174 Nou
319 1120 373 1174 eris
385 1118 512 1182 inuidiae,
530 1121 646 1183 torrens,
660 1150 691 1158 —
711 1118 776 1172 mihi
794 1119 875 1174 crede
888 1149 920 1159 -
932 1115 1044 1175 ferendae,

282 1205 311 1262 si
329 1204 404 1259 dicar
422 1219 471 1273 per
487 1207 515 1257 te
533 1203 605 1257 forte
622 1205 745 1257 retentus
764 1220 869 1259 amans.

248 1289 374 1344 Flumina
392 1289 522 1361 deberent
538 1288 654 1343 iuuenes
671 1288 699 1342 in
718 1305 810 1343 amore
828 1289 931 1343 iuuare.

282 1373 408 1429 Flumina
426 1378 572 1428 senserunt
588 1373 658 1443 ipsa,
678 1374 744 1443 quid
763 1378 838 1429 esset
857 1390 940 1429 amor.

210 1469 234 1508 ns
248 1459 365 1514 Inachus
382 1459 410 1512 in
428 1458 508 1512 Melie
525 1458 670 1529 Bithynide
688 1457 807 1528 pallidus
825 1459 882 1514 isse

281 1544 386 1597 Dicitur
404 1548 432 1597 ct
449 1543 546 1611 gelidis
564 1543 712 1598 incaluisse
729 1544 817 1599 uadis.

247 1628 372 1683 Nondum
390 1628 472 1682 Troia
488 1628 541 1682 fuit
557 1628 651 1682 lustris
670 1628 786 1683 obsessa
803 1628 923 1692 duobus,

279 1704 349 1767 ⁸Cum
367 1713 459 1781 rapuit
476 1712 577 1778 uultus,
595 1712 710 1777 Xanthe,
729 1712 835 1768 Neaera
852 1718 923 1768 tuos.

248 1798 327 1866 Quid,
346 1816 400 1853 non
418 1799 544 1869 Alpheon
563 1798 679 1854 diuersis
698 1814 807 1854 currere
823 1800 904 1854 terris

209 1895 234 1932 3⁰
281 1883 398 1952 Virginis
415 1884 548 1940 Arcadiae
567 1888 657 1939 certus
676 1883 769 1953 adegit
786 1886 880 1939 amor?

247 1967 286 2023 Te
304 1985 413 2039 quoque
431 1970 593 2039 promissam
611 1969 728 2034 Xantho,
747 1969 845 2036 Pence,
864 1971 996 2026 Creusam

279 2053 436 2108 Phthiotum
454 2055 533 2109 terris
552 2054 705 2110 occuluisse
723 2056 822 2110 ferunt.

246 2138 318 2205 Quid
335 2139 450 2193 referam
468 2140 599 2208 Asopon?
618 2156 698 2209 quern
716 2141 790 2209 cepit
807 2141 907 2195 Martia
925 2141 1025 2205 Thebe,

280 2223 409 2277 Natarum
428 2224 520 2280 Thebe
538 2225 659 2294 quinque
677 2225 770 2279 futura
787 2241 896 2295 parens.

207 2319 231 2356 ss
246 2307 355 2362 Cornua
372 2309 396 2362 si
414 2315 463 2363 tua
480 2325 552 2363 nunc
570 2310 616 2364 uhi
635 2311 697 2375 sint,
716 2310 842 2376 Acheloe,
861 2312 1008 2381 requiram,

279 2393 403 2448 Herculis
420 2394 492 2448 irata
508 2396 596 2449 fracta
614 2410 726 2465 querere
745 2411 835 2449 manu.

244 2476 299 2532 Nee
316 2479 385 2532 tanti
405 2479 525 2551 Calydon
544 2495 594 2535 nec
612 2484 671 2534 tota
688 2479 796 2534 Aetolia
812 2481 895 2546 tanti,

278 2561 338 2615 Vna
355 2567 446 2618 tamen
464 2565 534 2618 tanti
551 2565 682 2619 Deianira
698 2564 758 2626 fuit.

244 2645 292 2701 llle
310 2647 397 2703 fluens
416 2649 493 2704 diues
511 2653 627 2719 septena
644 2666 694 2719 per
711 2651 787 2707 ostia.
801 2649 889 2716 Nilus,

205 2743 231 2779 ⁴0
279 2733 330 2798 Cui
349 2735 466 2802 patriam
482 2738 578 2789 tantae
596 2740 654 2789 tam
671 2735 741 2790 bene
759 2734 830 2790 celat
848 2752 944 2806 aquae,

244 2816 340 2871 Fertur
357 2819 383 2872 in
404 2819 517 2874 Euadne
535 2819 677 2874 collectam
695 2820 816 2889 Asopide
834 2821 971 2876 flammam

278 2901 390 2957 Vincere
408 2905 560 2972 gurgitibus
578 2920 634 2958 non
651 2906 774 2974 potuisse
792 2906 858 2961 suis.
