2375 3575
486 388 532 422 uns
546 388 683 423 sunnonem.
924 366 958 419 39

158 531 191 570 ms
204 518 373 590 Pauperibus
390 523 469 572 nates
487 532 538 585 ego
556 533 630 583 sum,
649 518 714 588 quia
730 533 834 588 pauper
852 518 950 574 amnui.

240 605 307 659 Gum
328 604 392 658 dare
411 619 465 656 non
483 618 593 671 possem
612 618 736 667 munera,
755 604 840 658 uerba
857 603 964 659 dabam.

204 690 313 759 Pauper
330 692 403 743 amet
419 693 507 743 cante.
525 688 621 742 timeat
637 687 798 741 maledicere
816 704 920 757 pauper

239 774 377 845 Multaque
395 774 525 828 diuitibus
543 790 596 827 non
616 771 744 842 patienda
761 772 839 827 ferat.

206 861 249 915 lle
268 860 375 914 memini
392 861 490 913 iratum
509 859 635 913 dominae
652 858 778 913 turbasse
797 858 917 927 capillos.

158 957 194 995 uo
240 946 317 1000 Haec
334 946 398 999 mihi
416 960 497 1015 quam
517 944 616 999 multos
636 944 748 999 abstulit
764 944 805 997 ira
823 944 893 998 dies!

205 1031 262 1085 Nec
278 1035 346 1100 puto
363 1046 414 1085 nec
431 1030 505 1084 sensi
523 1031 641 1083 tunicam
660 1030 786 1085 laniasse.
805 1029 854 1084 sed
872 1029 932 1098 ipsa

239 1116 353 1170 Dixerat
369 1121 397 1169 et
414 1115 528 1185 pretiost
546 1113 591 1168 illa
610 1115 750 1184 redempta
768 1130 836 1169 meo.

205 1205 243 1257 At
261 1218 322 1266 noe,
343 1202 365 1256 si
383 1201 492 1270 sapitis,
511 1201 596 1255 uestri
614 1205 730 1270 peccata
748 1200 869 1269 magistri
917 1197 918 1201 ’

241 1286 359 1355 Effugite
377 1291 405 1341 et
423 1285 519 1355 culpae
537 1285 637 1339 damna
654 1285 747 1339 timete
766 1300 849 1339 meae.

158 1383 193 1421 us
206 1372 313 1427 Proelia
331 1386 391 1424 cnm
410 1371 528 1435 Parthie,
548 1386 609 1423 cum
627 1369 701 1424 culta
719 1387 772 1439 pax
791 1371 827 1425 sit
844 1370 931 1426 amica

240 1457 275 1511 st
292 1456 369 1510 iocus
387 1460 415 1509 et
432 1472 530 1510 causas
549 1455 679 1525 quicquid
698 1456 797 1510 amoris
815 1455 905 1510 babet

206 1542 236 1599 Si
253 1557 304 1596 nec
321 1542 422 1596 blanda
439 1541 507 1595 satie
530 1556 580 1594 nec
599 1541 649 1595 erit
667 1541 715 1596 tibi
735 1542 819 1596 comis
838 1540 951 1605 amanti,

240 1626 332 1682 Perfer
349 1632 376 1681 ct
394 1626 505 1681 obdura.
525 1626 670 1696 postmodo
688 1626 761 1681 mitis
780 1626 839 1680 erit.

206 1712 337 1767 Flectitur
354 1712 485 1782 obsequio
503 1717 633 1767 curuatue
650 1712 684 1766 ab
703 1711 797 1766 arbore
815 1728 914 1765 ramus.

158 1808 193 1847 ¹³0
240 1799 366 1867 Frangis‚
387 1799 410 1852 si
430 1799 500 1852 uires
520 1798 656 1867 experiere
673 1805 744 1853 tuas.

207 1884 346 1953 Obsequio
363 1888 506 1938 tranantur
523 1899 619 1954 aquae.
638 1898 689 1937 nec
707 1883 815 1939 uincere
832 1883 923 1952 possis

241 1968 375 2034 Flumina,
394 1970 417 2023 si
437 1975 543 2033 contra,
563 1985 645 2038 quam
663 1968 735 2038 rapit
752 1969 838 2034 unda,
858 1972 943 2022 nates.

210 2055 374 2125 Obsequium
393 2055 525 2124 tigrisque
543 2056 635 2109 domat
652 2054 837 2124 Numidasque
855 2052 957 2107 leones.

240 2140 354 2195 Rustica
370 2138 501 2209 paulatim
519 2143 615 2193 taurus
633 2144 724 2193 aratra
742 2139 823 2194 subit.

158 2235 192 2272 ¹8⁵
206 2225 278 2295 Quid
295 2225 347 2279 fuit
364 2225 487 2294 asperius
505 2224 659 2278 Nonacrina
677 2223 822 2277 Atalanta?

240 2311 390 2368 Succubuit
407 2310 509 2364 meritis
527 2314 589 2363 trux
607 2314 698 2363 tamen
716 2307 762 2362 illa
778 2309 838 2363 uiri.

206 2397 295 2466 Saepe
313 2412 379 2451 suos
397 2411 478 2450 casus
496 2411 546 2450 nec
563 2395 640 2449 mitia
658 2394 732 2448 facta
749 2394 856 2463 puellae

240 2482 334 2537 Flesse
352 2482 403 2536 sub
421 2481 561 2536 arboribus
581 2480 726 2536 Milaniona
743 2479 841 2534 ferunt,

206 2568 296 2638 Saepe
312 2566 375 2621 tulit
392 2569 467 2621 iusso
484 2566 593 2620 fallacia
610 2566 679 2621 retia
697 2564 778 2629 collo,

158 2661 193 2700 1⁹⁰
240 2652 329 2723 Saepe
346 2653 404 2706 tera
420 2657 514 2707 toruos
533 2651 646 2722 cuspide
664 2651 722 2705 fixit
740 2667 829 2720 apros.

206 2738 300 2796 Sensit
317 2742 345 2792 et
362 2737 457 2810 Hylaei
477 2742 632 2791 contentum
652 2736 761 2790 saucius
780 2752 880 2790 arcum.

241 2823 297 2879 Sed
313 2828 405 2878 tamen
424 2823 475 2877 hoc
492 2839 555 2877 arcu
575 2822 664 2876 notior
682 2820 750 2876 alter
768 2825 834 2876 erat.
