<?xml version="1.0" encoding="UTF-8"?>
<!DOCTYPE html PUBLIC "-//W3C//DTD XHTML 1.0 Transitional//EN"
    "http://www.w3.org/TR/xhtml1/DTD/xhtml1-transitional.dtd">
<html xmlns="http://www.w3.org/1999/xhtml" xml:lang="en" lang="en">
 <head>
  <title>
</title>
<meta http-equiv="Content-Type" content="text/html;charset=utf-8" />
  <meta name='ocr-system' content='tesseract 3.04.00' />
  <meta name='ocr-capabilities' content='ocr_page ocr_carea ocr_par ocr_line ocrx_word'/>
</head>
<body>
  <div class='ocr_page' id='page_1' title='image "./povidiinasonisc00mlgoog_0095.png"; bbox 0 0 2375 3575; ppageno 0'>
   <div class='ocr_carea' id='block_1_1' title="bbox 462 456 663 491">
    <p class='ocr_par' dir='ltr' id='par_1_1' title="bbox 462 456 663 491">
     <span class='ocr_line' id='line_1_1' title="bbox 462 456 663 491; baseline -0.005 -1"><span class='ocrx_word' id='word_1_1' title='bbox 462 456 509 490; x_wconf 70' lang='lat' dir='ltr'><strong><em>m</em></strong></span> <span class='ocrx_word' id='word_1_2' title='bbox 524 456 663 491; x_wconf 67' lang='grc' dir='ltr'><strong>ΔΗΔΤΟΒΙΑ.</strong></span> 
     </span>
    </p>
   </div>
   <div class='ocr_carea' id='block_1_2' title="bbox 129 584 998 2535">
    <p class='ocr_par' dir='ltr' id='par_1_2' title="bbox 129 584 998 2535">
     <span class='ocr_line' id='line_1_2' title="bbox 213 584 831 655; baseline -0.002 -14"><span class='ocrx_word' id='word_1_3' title='bbox 213 586 270 641; x_wconf 84' lang='lat' dir='ltr'>Ora</span> <span class='ocrx_word' id='word_1_4' title='bbox 287 602 337 641; x_wconf 92' lang='lat' dir='ltr'>nec</span> <span class='ocrx_word' id='word_1_5' title='bbox 353 584 493 640; x_wconf 85' lang='lat' dir='ltr'>immunda</span> <span class='ocrx_word' id='word_1_6' title='bbox 509 588 569 640; x_wconf 81' lang='lat' dir='ltr'>tcta</span> <span class='ocrx_word' id='word_1_7' title='bbox 584 600 725 655; x_wconf 80' lang='lat' dir='ltr'>perungue</span> <span class='ocrx_word' id='word_1_8' title='bbox 743 603 831 652; x_wconf 88' lang='lat' dir='ltr'>manu,</span> 
     </span>
     <span class='ocr_line' id='line_1_3' title="bbox 175 670 864 742; baseline 0.001 -17"><span class='ocrx_word' id='word_1_9' title='bbox 175 671 244 726; x_wconf 88' lang='lat' dir='ltr'>Siue</span> <span class='ocrx_word' id='word_1_10' title='bbox 262 670 334 725; x_wconf 94' lang='lat' dir='ltr'>domi</span> <span class='ocrx_word' id='word_1_11' title='bbox 352 686 496 742; x_wconf 85' lang='lat' dir='ltr'>praesume</span> <span class='ocrx_word' id='word_1_12' title='bbox 508 670 600 741; x_wconf 86' lang='lat' dir='ltr'>dapes</span> <span class='ocrx_word' id='word_1_13' title='bbox 618 687 667 727; x_wconf 89' lang='lat' dir='ltr'>seu</span> <span class='ocrx_word' id='word_1_14' title='bbox 685 671 778 726; x_wconf 88' lang='lat' dir='ltr'>desine</span> <span class='ocrx_word' id='word_1_15' title='bbox 796 672 864 726; x_wconf 85' lang='lat' dir='ltr'>citra</span> 
     </span>
     <span class='ocr_line' id='line_1_4' title="bbox 213 755 919 827; baseline 0 -17"><span class='ocrx_word' id='word_1_16' title='bbox 213 758 301 824; x_wconf 84' lang='lat' dir='ltr'>Quam</span> <span class='ocrx_word' id='word_1_17' title='bbox 320 756 398 826; x_wconf 89' lang='lat' dir='ltr'>cupis</span> <span class='ocrx_word' id='word_1_18' title='bbox 416 761 444 811; x_wconf 89' lang='lat' dir='ltr'>et</span> <span class='ocrx_word' id='word_1_19' title='bbox 460 755 543 825; x_wconf 88' lang='lat' dir='ltr'>paulo</span> <span class='ocrx_word' id='word_1_20' title='bbox 560 771 643 826; x_wconf 92' lang='lat' dir='ltr'>quam</span> <span class='ocrx_word' id='word_1_21' title='bbox 660 760 739 826; x_wconf 84' lang='lat' dir='ltr'>potes</span> <span class='ocrx_word' id='word_1_22' title='bbox 757 773 818 812; x_wconf 89' lang='lat' dir='ltr'>esse</span> <span class='ocrx_word' id='word_1_23' title='bbox 835 757 919 827; x_wconf 90' lang='lat' dir='ltr'>prius.</span> 
     </span>
     <span class='ocr_line' id='line_1_5' title="bbox 175 840 887 911; baseline 0 -14"><span class='ocrx_word' id='word_1_24' title='bbox 175 842 330 897; x_wconf 83' lang='lat' dir='ltr'>Priamides</span> <span class='ocrx_word' id='word_1_25' title='bbox 347 840 469 897; x_wconf 76' lang='lat' dir='ltr'>Helenen</span> <span class='ocrx_word' id='word_1_26' title='bbox 487 841 567 897; x_wconf 89' lang='lat' dir='ltr'>auide</span> <span class='ocrx_word' id='word_1_27' title='bbox 585 841 610 896; x_wconf 90' lang='lat' dir='ltr'>si</span> <span class='ocrx_word' id='word_1_28' title='bbox 627 845 733 911; x_wconf 81' lang='lat' dir='ltr'>spectet</span> <span class='ocrx_word' id='word_1_29' title='bbox 750 842 887 907; x_wconf 84' lang='lat' dir='ltr'>edentem,</span> 
     </span>
     <span class='ocr_line' id='line_1_6' title="bbox 129 926 804 996; baseline 0 -14"><span class='ocrx_word' id='word_1_30' title='bbox 129 945 164 987; x_wconf 75' lang='lat' dir='ltr'>rso</span> <span class='ocrx_word' id='word_1_31' title='bbox 216 927 322 993; x_wconf 78' lang='lat' dir='ltr'>Oderit,</span> <span class='ocrx_word' id='word_1_32' title='bbox 341 930 369 981; x_wconf 89' lang='lat' dir='ltr'>et</span> <span class='ocrx_word' id='word_1_33' title='bbox 386 928 459 982; x_wconf 81' lang='lat' dir='ltr'>dicat</span> <span class='ocrx_word' id='word_1_34' title='bbox 477 926 570 981; x_wconf 86' lang='lat' dir='ltr'>‘stulta</span> <span class='ocrx_word' id='word_1_35' title='bbox 585 927 682 996; x_wconf 91' lang='lat' dir='ltr'>rapina</span> <span class='ocrx_word' id='word_1_36' title='bbox 699 928 804 983; x_wconf 71' lang='lat' dir='ltr'>meast?</span> 
     </span>
     <span class='ocr_line' id='line_1_7' title="bbox 175 1012 857 1083; baseline 0 -16"><span class='ocrx_word' id='word_1_37' title='bbox 175 1012 278 1082; x_wconf 77' lang='lat' dir='ltr'>Aptius</span> <span class='ocrx_word' id='word_1_38' title='bbox 296 1019 339 1067; x_wconf 91' lang='lat' dir='ltr'>est</span> <span class='ocrx_word' id='word_1_39' title='bbox 356 1013 506 1083; x_wconf 76' lang='lat' dir='ltr'>deceatque</span> <span class='ocrx_word' id='word_1_40' title='bbox 524 1012 612 1081; x_wconf 83' lang='lat' dir='ltr'>magis</span> <span class='ocrx_word' id='word_1_41' title='bbox 629 1017 726 1081; x_wconf 89' lang='lat' dir='ltr'>potare</span> <span class='ocrx_word' id='word_1_42' title='bbox 743 1012 857 1082; x_wconf 86' lang='lat' dir='ltr'>puellas.</span> 
     </span>
     <span class='ocr_line' id='line_1_8' title="bbox 213 1096 918 1168; baseline 0 -17"><span class='ocrx_word' id='word_1_43' title='bbox 213 1098 281 1152; x_wconf 85' lang='lat' dir='ltr'>Gum</span> <span class='ocrx_word' id='word_1_44' title='bbox 299 1097 411 1152; x_wconf 91' lang='lat' dir='ltr'>Veneris</span> <span class='ocrx_word' id='word_1_45' title='bbox 428 1113 514 1168; x_wconf 83' lang='lat' dir='ltr'>puero</span> <span class='ocrx_word' id='word_1_46' title='bbox 531 1113 586 1151; x_wconf 89' lang='lat' dir='ltr'>non</span> <span class='ocrx_word' id='word_1_47' title='bbox 605 1096 688 1163; x_wconf 91' lang='lat' dir='ltr'>male,</span> <span class='ocrx_word' id='word_1_48' title='bbox 705 1098 823 1163; x_wconf 87' lang='lat' dir='ltr'>Bacche,</span> <span class='ocrx_word' id='word_1_49' title='bbox 842 1097 918 1152; x_wconf 84' lang='lat' dir='ltr'>facis.</span> 
     </span>
     <span class='ocr_line' id='line_1_9' title="bbox 176 1182 998 1254; baseline -0.001 -16"><span class='ocrx_word' id='word_1_50' title='bbox 176 1184 238 1238; x_wconf 84' lang='lat' dir='ltr'>Huc</span> <span class='ocrx_word' id='word_1_51' title='bbox 245 1198 361 1254; x_wconf 89' lang='lat' dir='ltr'>quoque,</span> <span class='ocrx_word' id='word_1_52' title='bbox 367 1198 422 1253; x_wconf 90' lang='lat' dir='ltr'>qua</span> <span class='ocrx_word' id='word_1_53' title='bbox 426 1183 533 1253; x_wconf 91' lang='lat' dir='ltr'>patiens</span> <span class='ocrx_word' id='word_1_54' title='bbox 539 1188 622 1252; x_wconf 84' lang='lat' dir='ltr'>capnt</span> <span class='ocrx_word' id='word_1_55' title='bbox 631 1186 680 1246; x_wconf 87' lang='lat' dir='ltr'>est,</span> <span class='ocrx_word' id='word_1_56' title='bbox 691 1182 852 1253; x_wconf 91' lang='lat' dir='ltr'>animusque</span> <span class='ocrx_word' id='word_1_57' title='bbox 860 1183 998 1254; x_wconf 87' lang='lat' dir='ltr'>pedesque</span> 
     </span>
     <span class='ocr_line' id='line_1_10' title="bbox 215 1267 914 1338; baseline -0.001 -15"><span class='ocrx_word' id='word_1_58' title='bbox 215 1270 356 1323; x_wconf 79' lang='lat' dir='ltr'>Constant.</span> <span class='ocrx_word' id='word_1_59' title='bbox 375 1284 436 1334; x_wconf 94' lang='lat' dir='ltr'>uec,</span> <span class='ocrx_word' id='word_1_60' title='bbox 455 1283 526 1338; x_wconf 90' lang='lat' dir='ltr'>quae</span> <span class='ocrx_word' id='word_1_61' title='bbox 543 1272 608 1322; x_wconf 90' lang='lat' dir='ltr'>sunt</span> <span class='ocrx_word' id='word_1_62' title='bbox 624 1267 743 1337; x_wconf 86' lang='lat' dir='ltr'>singula,</span> <span class='ocrx_word' id='word_1_63' title='bbox 762 1268 826 1323; x_wconf 90' lang='lat' dir='ltr'>bina</span> <span class='ocrx_word' id='word_1_64' title='bbox 843 1268 914 1323; x_wconf 88' lang='lat' dir='ltr'>uide.</span> 
     </span>
     <span class='ocr_line' id='line_1_11' title="bbox 129 1352 879 1425; baseline -0.005 -14"><span class='ocrx_word' id='word_1_65' title='bbox 129 1374 164 1412; x_wconf 78' lang='lat' dir='ltr'>iss</span> <span class='ocrx_word' id='word_1_66' title='bbox 178 1354 271 1424; x_wconf 88' lang='lat' dir='ltr'>Turpe</span> <span class='ocrx_word' id='word_1_67' title='bbox 289 1355 380 1408; x_wconf 90' lang='lat' dir='ltr'>iacens</span> <span class='ocrx_word' id='word_1_68' title='bbox 397 1353 492 1408; x_wconf 91' lang='lat' dir='ltr'>mulier</span> <span class='ocrx_word' id='word_1_69' title='bbox 509 1353 593 1408; x_wconf 90' lang='lat' dir='ltr'>multo</span> <span class='ocrx_word' id='word_1_70' title='bbox 612 1353 764 1408; x_wconf 83' lang='lat' dir='ltr'>madefacta</span> <span class='ocrx_word' id='word_1_71' title='bbox 781 1352 879 1425; x_wconf 87' lang='lat' dir='ltr'>Lyaeo.</span> 
     </span>
     <span class='ocr_line' id='line_1_12' title="bbox 212 1437 808 1508; baseline -0.003 -15"><span class='ocrx_word' id='word_1_72' title='bbox 212 1439 331 1508; x_wconf 84' lang='lat' dir='ltr'>Dignast</span> <span class='ocrx_word' id='word_1_73' title='bbox 348 1438 507 1493; x_wconf 79' lang='lat' dir='ltr'>concubitus</span> <span class='ocrx_word' id='word_1_74' title='bbox 526 1437 661 1508; x_wconf 90' lang='lat' dir='ltr'>quoslibet</span> <span class='ocrx_word' id='word_1_75' title='bbox 678 1438 725 1493; x_wconf 90' lang='lat' dir='ltr'>illa</span> <span class='ocrx_word' id='word_1_76' title='bbox 741 1440 808 1508; x_wconf 90' lang='lat' dir='ltr'>pati.</span> 
     </span>
     <span class='ocr_line' id='line_1_13' title="bbox 178 1524 881 1594; baseline -0.003 -15"><span class='ocrx_word' id='word_1_77' title='bbox 178 1524 235 1579; x_wconf 88' lang='lat' dir='ltr'>Nec</span> <span class='ocrx_word' id='word_1_78' title='bbox 253 1525 355 1579; x_wconf 90' lang='lat' dir='ltr'>somnis</span> <span class='ocrx_word' id='word_1_79' title='bbox 373 1524 464 1594; x_wconf 86' lang='lat' dir='ltr'>posita</span> <span class='ocrx_word' id='word_1_80' title='bbox 480 1528 569 1579; x_wconf 91' lang='lat' dir='ltr'>tutum</span> <span class='ocrx_word' id='word_1_81' title='bbox 587 1524 761 1579; x_wconf 89' lang='lat' dir='ltr'>succumbere</span> <span class='ocrx_word' id='word_1_82' title='bbox 780 1540 881 1579; x_wconf 90' lang='lat' dir='ltr'>mensa.</span> 
     </span>
     <span class='ocr_line' id='line_1_14' title="bbox 213 1608 834 1678; baseline 0 -15"><span class='ocrx_word' id='word_1_83' title='bbox 213 1610 265 1663; x_wconf 86' lang='lat' dir='ltr'>Per</span> <span class='ocrx_word' id='word_1_84' title='bbox 283 1625 393 1664; x_wconf 86' lang='lat' dir='ltr'>somnos</span> <span class='ocrx_word' id='word_1_85' title='bbox 411 1610 469 1664; x_wconf 91' lang='lat' dir='ltr'>fieri</span> <span class='ocrx_word' id='word_1_86' title='bbox 487 1608 573 1663; x_wconf 82' lang='lat' dir='ltr'>multa</span> <span class='ocrx_word' id='word_1_87' title='bbox 589 1608 718 1678; x_wconf 86' lang='lat' dir='ltr'>pudenda</span> <span class='ocrx_word' id='word_1_88' title='bbox 736 1608 834 1663; x_wconf 86' lang='lat' dir='ltr'>solent.</span> 
     </span>
     <span class='ocr_line' id='line_1_15' title="bbox 179 1693 829 1765; baseline -0.002 -16"><span class='ocrx_word' id='word_1_89' title='bbox 179 1695 313 1750; x_wconf 90' lang='lat' dir='ltr'>Vlteriora</span> <span class='ocrx_word' id='word_1_90' title='bbox 330 1695 415 1765; x_wconf 92' lang='lat' dir='ltr'>pudet</span> <span class='ocrx_word' id='word_1_91' title='bbox 432 1694 566 1749; x_wconf 89' lang='lat' dir='ltr'>docuisse.</span> <span class='ocrx_word' id='word_1_92' title='bbox 584 1694 635 1748; x_wconf 92' lang='lat' dir='ltr'>sed</span> <span class='ocrx_word' id='word_1_93' title='bbox 652 1693 724 1749; x_wconf 86' lang='lat' dir='ltr'>alma</span> <span class='ocrx_word' id='word_1_94' title='bbox 741 1693 829 1748; x_wconf 93' lang='lat' dir='ltr'>Dione</span> 
     </span>
     <span class='ocr_line' id='line_1_16' title="bbox 129 1779 959 1851; baseline -0.005 -12"><span class='ocrx_word' id='word_1_95' title='bbox 129 1802 164 1839; x_wconf 83' lang='lat' dir='ltr'>uc</span> <span class='ocrx_word' id='word_1_96' title='bbox 215 1780 371 1851; x_wconf 80' lang='lat' dir='ltr'>‘Praecipue</span> <span class='ocrx_word' id='word_1_97' title='bbox 388 1784 539 1836; x_wconf 87' lang='lat' dir='ltr'>nostrumst</span> <span class='ocrx_word' id='word_1_98' title='bbox 556 1779 629 1850; x_wconf 89' lang='lat' dir='ltr'>quod</span> <span class='ocrx_word' id='word_1_99' title='bbox 647 1779 740 1850; x_wconf 92' lang='lat' dir='ltr'>pudet’</span> <span class='ocrx_word' id='word_1_100' title='bbox 758 1779 847 1851; x_wconf 90' lang='lat' dir='ltr'>iuquit</span> <span class='ocrx_word' id='word_1_101' title='bbox 865 1780 959 1851; x_wconf 82' lang='lat' dir='ltr'>‘opus’</span> 
     </span>
     <span class='ocr_line' id='line_1_17' title="bbox 179 1865 929 1937; baseline 0 -17"><span class='ocrx_word' id='word_1_102' title='bbox 179 1866 251 1920; x_wconf 89' lang='lat' dir='ltr'>Nota</span> <span class='ocrx_word' id='word_1_103' title='bbox 268 1866 320 1922; x_wconf 90' lang='lat' dir='ltr'>sibi</span> <span class='ocrx_word' id='word_1_104' title='bbox 337 1866 393 1921; x_wconf 91' lang='lat' dir='ltr'>sint</span> <span class='ocrx_word' id='word_1_105' title='bbox 409 1882 543 1937; x_wconf 91' lang='lat' dir='ltr'>quaeque.</span> <span class='ocrx_word' id='word_1_106' title='bbox 561 1865 656 1920; x_wconf 88' lang='lat' dir='ltr'>modos</span> <span class='ocrx_word' id='word_1_107' title='bbox 675 1883 692 1919; x_wconf 92' lang='lat' dir='ltr'>a</span> <span class='ocrx_word' id='word_1_108' title='bbox 710 1881 822 1936; x_wconf 89' lang='lat' dir='ltr'>corpure</span> <span class='ocrx_word' id='word_1_109' title='bbox 841 1870 929 1921; x_wconf 88' lang='lat' dir='ltr'>certos</span> 
     </span>
     <span class='ocr_line' id='line_1_18' title="bbox 214 1950 786 2020; baseline 0 -14"><span class='ocrx_word' id='word_1_110' title='bbox 214 1950 328 2006; x_wconf 90' lang='lat' dir='ltr'>Sumite.</span> <span class='ocrx_word' id='word_1_111' title='bbox 345 1969 399 2007; x_wconf 89' lang='lat' dir='ltr'>nnn</span> <span class='ocrx_word' id='word_1_112' title='bbox 418 1952 504 2007; x_wconf 86' lang='lat' dir='ltr'>omnis</span> <span class='ocrx_word' id='word_1_113' title='bbox 523 1968 578 2006; x_wconf 85' lang='lat' dir='ltr'>una</span> <span class='ocrx_word' id='word_1_114' title='bbox 595 1951 682 2020; x_wconf 83' lang='lat' dir='ltr'>figura</span> <span class='ocrx_word' id='word_1_115' title='bbox 700 1952 786 2006; x_wconf 89' lang='lat' dir='ltr'>decet.</span> 
     </span>
     <span class='ocr_line' id='line_1_19' title="bbox 179 2036 852 2107; baseline -0.003 -15"><span class='ocrx_word' id='word_1_116' title='bbox 179 2038 257 2106; x_wconf 83' lang='lat' dir='ltr'>Quae</span> <span class='ocrx_word' id='word_1_117' title='bbox 274 2037 510 2107; x_wconf 84' lang='lat' dir='ltr'>faciepraesignis</span> <span class='ocrx_word' id='word_1_118' title='bbox 529 2036 592 2102; x_wconf 89' lang='lat' dir='ltr'>erit,</span> <span class='ocrx_word' id='word_1_119' title='bbox 611 2037 738 2106; x_wconf 90' lang='lat' dir='ltr'>resupina</span> <span class='ocrx_word' id='word_1_120' title='bbox 755 2038 852 2092; x_wconf 90' lang='lat' dir='ltr'>iacetn.</span> 
     </span>
     <span class='ocr_line' id='line_1_20' title="bbox 214 2122 862 2193; baseline -0.005 -15"><span class='ocrx_word' id='word_1_121' title='bbox 214 2122 378 2193; x_wconf 89' lang='lat' dir='ltr'>Spectentur</span> <span class='ocrx_word' id='word_1_122' title='bbox 394 2127 485 2192; x_wconf 79' lang='lat' dir='ltr'>terge,</span> <span class='ocrx_word' id='word_1_123' title='bbox 503 2122 564 2193; x_wconf 90' lang='lat' dir='ltr'>quis</span> <span class='ocrx_word' id='word_1_124' title='bbox 582 2139 634 2177; x_wconf 86' lang='lat' dir='ltr'>sua</span> <span class='ocrx_word' id='word_1_125' title='bbox 651 2126 729 2192; x_wconf 85' lang='lat' dir='ltr'>terga</span> <span class='ocrx_word' id='word_1_126' title='bbox 746 2122 862 2193; x_wconf 89' lang='lat' dir='ltr'>placent.</span> 
     </span>
     <span class='ocr_line' id='line_1_21' title="bbox 129 2207 811 2265; baseline -0.004 -1"><span class='ocrx_word' id='word_1_127' title='bbox 129 2225 166 2264; x_wconf 77' lang='lat' dir='ltr'>uu</span> <span class='ocrx_word' id='word_1_128' title='bbox 180 2208 309 2265; x_wconf 83' lang='lat' dir='ltr'>bfitanion</span> <span class='ocrx_word' id='word_1_129' title='bbox 327 2209 426 2263; x_wconf 90' lang='lat' dir='ltr'>umeris</span> <span class='ocrx_word' id='word_1_130' title='bbox 444 2208 585 2263; x_wconf 81' lang='lat' dir='ltr'>Atalantes</span> <span class='ocrx_word' id='word_1_131' title='bbox 605 2224 683 2261; x_wconf 88' lang='lat' dir='ltr'>crura</span> <span class='ocrx_word' id='word_1_132' title='bbox 699 2207 811 2262; x_wconf 84' lang='lat' dir='ltr'>terebat.</span> 
     </span>
     <span class='ocr_line' id='line_1_22' title="bbox 215 2292 857 2363; baseline -0.003 -15"><span class='ocrx_word' id='word_1_133' title='bbox 215 2294 244 2348; x_wconf 90' lang='lat' dir='ltr'>Si</span> <span class='ocrx_word' id='word_1_134' title='bbox 261 2294 334 2348; x_wconf 88' lang='lat' dir='ltr'>buna</span> <span class='ocrx_word' id='word_1_135' title='bbox 351 2297 422 2360; x_wconf 87' lang='lat' dir='ltr'>sunt,</span> <span class='ocrx_word' id='word_1_136' title='bbox 442 2294 493 2349; x_wconf 90' lang='lat' dir='ltr'>boc</span> <span class='ocrx_word' id='word_1_137' title='bbox 510 2296 575 2348; x_wconf 91' lang='lat' dir='ltr'>sunt</span> <span class='ocrx_word' id='word_1_138' title='bbox 592 2293 751 2363; x_wconf 89' lang='lat' dir='ltr'>accipienda</span> <span class='ocrx_word' id='word_1_139' title='bbox 768 2292 857 2347; x_wconf 90' lang='lat' dir='ltr'>modo.</span> 
     </span>
     <span class='ocr_line' id='line_1_23' title="bbox 178 2378 997 2450; baseline -0.005 -16"><span class='ocrx_word' id='word_1_140' title='bbox 178 2380 270 2435; x_wconf 87' lang='lat' dir='ltr'>Parua</span> <span class='ocrx_word' id='word_1_141' title='bbox 281 2379 396 2433; x_wconf 83' lang='lat' dir='ltr'>uebatur</span> <span class='ocrx_word' id='word_1_142' title='bbox 408 2395 486 2450; x_wconf 87' lang='lat' dir='ltr'>equo.</span> <span class='ocrx_word' id='word_1_143' title='bbox 505 2378 650 2449; x_wconf 84' lang='lat' dir='ltr'>quoderat</span> <span class='ocrx_word' id='word_1_144' title='bbox 666 2378 833 2448; x_wconf 88' lang='lat' dir='ltr'>longissima,</span> <span class='ocrx_word' id='word_1_145' title='bbox 853 2393 997 2447; x_wconf 89' lang='lat' dir='ltr'>numquam</span> 
     </span>
     <span class='ocr_line' id='line_1_24' title="bbox 215 2463 803 2535; baseline -0.003 -16"><span class='ocrx_word' id='word_1_146' title='bbox 215 2463 332 2520; x_wconf 86' lang='lat' dir='ltr'>Thebais</span> <span class='ocrx_word' id='word_1_147' title='bbox 349 2465 484 2519; x_wconf 84' lang='lat' dir='ltr'>Hectoreo</span> <span class='ocrx_word' id='word_1_148' title='bbox 503 2468 589 2534; x_wconf 89' lang='lat' dir='ltr'>nupta</span> <span class='ocrx_word' id='word_1_149' title='bbox 606 2464 707 2519; x_wconf 91' lang='lat' dir='ltr'>resedit</span> <span class='ocrx_word' id='word_1_150' title='bbox 724 2480 803 2535; x_wconf 89' lang='lat' dir='ltr'>equo.</span> 
     </span>
    </p>
   </div>
   <div class='ocr_carea' id='block_1_3' title="bbox 129 2547 997 3031">
    <p class='ocr_par' dir='ltr' id='par_1_3' title="bbox 129 2547 997 3031">
     <span class='ocr_line' id='line_1_25' title="bbox 180 2547 919 2620; baseline -0.005 -15"><span class='ocrx_word' id='word_1_151' title='bbox 180 2550 274 2606; x_wconf 88' lang='lat' dir='ltr'>Strata</span> <span class='ocrx_word' id='word_1_152' title='bbox 291 2553 397 2620; x_wconf 89' lang='lat' dir='ltr'>premat</span> <span class='ocrx_word' id='word_1_153' title='bbox 413 2550 535 2619; x_wconf 82' lang='lat' dir='ltr'>genibus,</span> <span class='ocrx_word' id='word_1_154' title='bbox 553 2547 666 2620; x_wconf 91' lang='lat' dir='ltr'>paulum</span> <span class='ocrx_word' id='word_1_155' title='bbox 684 2549 790 2604; x_wconf 92' lang='lat' dir='ltr'>ceruice</span> <span class='ocrx_word' id='word_1_156' title='bbox 806 2547 919 2612; x_wconf 82' lang='lat' dir='ltr'>reflexa,</span> 
     </span>
     <span class='ocr_line' id='line_1_26' title="bbox 129 2633 829 2705; baseline -0.001 -16"><span class='ocrx_word' id='word_1_157' title='bbox 129 2651 166 2689; x_wconf 77' lang='lat' dir='ltr'>zen</span> <span class='ocrx_word' id='word_1_158' title='bbox 215 2635 329 2690; x_wconf 83' lang='lat' dir='ltr'>Femina</span> <span class='ocrx_word' id='word_1_159' title='bbox 345 2635 522 2705; x_wconf 84' lang='lat' dir='ltr'>perlongum</span> <span class='ocrx_word' id='word_1_160' title='bbox 539 2634 732 2705; x_wconf 87' lang='lat' dir='ltr'>conspicienda</span> <span class='ocrx_word' id='word_1_161' title='bbox 749 2633 829 2688; x_wconf 85' lang='lat' dir='ltr'>latus.</span> 
     </span>
     <span class='ocr_line' id='line_1_27' title="bbox 180 2717 997 2790; baseline -0.005 -15"><span class='ocrx_word' id='word_1_162' title='bbox 180 2721 231 2776; x_wconf 82' lang='lat' dir='ltr'>Oui</span> <span class='ocrx_word' id='word_1_163' title='bbox 244 2720 331 2775; x_wconf 79' lang='lat' dir='ltr'>femur</span> <span class='ocrx_word' id='word_1_164' title='bbox 343 2724 386 2775; x_wconf 91' lang='lat' dir='ltr'>est</span> <span class='ocrx_word' id='word_1_165' title='bbox 397 2720 529 2786; x_wconf 88' lang='lat' dir='ltr'>iuuenale,</span> <span class='ocrx_word' id='word_1_166' title='bbox 542 2725 636 2776; x_wconf 91' lang='lat' dir='ltr'>carent</span> <span class='ocrx_word' id='word_1_167' title='bbox 647 2736 755 2790; x_wconf 88' lang='lat' dir='ltr'>quoque</span> <span class='ocrx_word' id='word_1_168' title='bbox 768 2721 880 2788; x_wconf 91' lang='lat' dir='ltr'>pectora</span> <span class='ocrx_word' id='word_1_169' title='bbox 892 2717 997 2783; x_wconf 83' lang='lat' dir='ltr'>menda,</span> 
     </span>
     <span class='ocr_line' id='line_1_28' title="bbox 215 2805 813 2876; baseline -0.005 -15"><span class='ocrx_word' id='word_1_170' title='bbox 215 2807 277 2862; x_wconf 88' lang='lat' dir='ltr'>Stet</span> <span class='ocrx_word' id='word_1_171' title='bbox 294 2805 343 2871; x_wconf 89' lang='lat' dir='ltr'>uir,</span> <span class='ocrx_word' id='word_1_172' title='bbox 359 2805 387 2860; x_wconf 93' lang='lat' dir='ltr'>in</span> <span class='ocrx_word' id='word_1_173' title='bbox 405 2805 515 2876; x_wconf 86' lang='lat' dir='ltr'>oblique</span> <span class='ocrx_word' id='word_1_174' title='bbox 533 2805 595 2861; x_wconf 81' lang='lat' dir='ltr'>tusa</span> <span class='ocrx_word' id='word_1_175' title='bbox 613 2805 649 2860; x_wconf 89' lang='lat' dir='ltr'>sit</span> <span class='ocrx_word' id='word_1_176' title='bbox 666 2805 727 2875; x_wconf 89' lang='lat' dir='ltr'>ipsa</span> <span class='ocrx_word' id='word_1_177' title='bbox 744 2809 813 2859; x_wconf 88' lang='lat' dir='ltr'>turc.</span> 
     </span>
     <span class='ocr_line' id='line_1_29' title="bbox 179 2889 913 2961; baseline -0.007 -15"><span class='ocrx_word' id='word_1_178' title='bbox 179 2891 236 2947; x_wconf 87' lang='lat' dir='ltr'>Nec</span> <span class='ocrx_word' id='word_1_179' title='bbox 253 2891 303 2946; x_wconf 93' lang='lat' dir='ltr'>tibi</span> <span class='ocrx_word' id='word_1_180' title='bbox 319 2896 399 2960; x_wconf 90' lang='lat' dir='ltr'>turpe</span> <span class='ocrx_word' id='word_1_181' title='bbox 417 2896 485 2961; x_wconf 85' lang='lat' dir='ltr'>puta</span> <span class='ocrx_word' id='word_1_182' title='bbox 502 2891 609 2956; x_wconf 86' lang='lat' dir='ltr'>crinem,</span> <span class='ocrx_word' id='word_1_183' title='bbox 629 2894 659 2944; x_wconf 91' lang='lat' dir='ltr'>ut</span> <span class='ocrx_word' id='word_1_184' title='bbox 676 2889 796 2960; x_wconf 86' lang='lat' dir='ltr'>Phylleia</span> <span class='ocrx_word' id='word_1_185' title='bbox 814 2891 913 2954; x_wconf 88' lang='lat' dir='ltr'>mater,</span> 
     </span>
     <span class='ocr_line' id='line_1_30' title="bbox 216 2973 810 3031; baseline -0.005 0"><span class='ocrx_word' id='word_1_186' title='bbox 216 2976 329 3031; x_wconf 79' lang='lat' dir='ltr'>soluere</span> <span class='ocrx_word' id='word_1_187' title='bbox 347 2980 375 3030; x_wconf 91' lang='lat' dir='ltr'>et</span> <span class='ocrx_word' id='word_1_188' title='bbox 392 2975 486 3030; x_wconf 79' lang='lat' dir='ltr'>effusis</span> <span class='ocrx_word' id='word_1_189' title='bbox 504 2974 575 3030; x_wconf 90' lang='lat' dir='ltr'>colla</span> <span class='ocrx_word' id='word_1_190' title='bbox 591 2973 698 3030; x_wconf 89' lang='lat' dir='ltr'>reflecte</span> <span class='ocrx_word' id='word_1_191' title='bbox 717 2974 810 3029; x_wconf 89' lang='lat' dir='ltr'>comis.</span> 
     </span>
    </p>
   </div>
   <div class='ocr_carea' id='block_1_4' title="bbox 0 0 1192 3575">
    <p class='ocr_par' dir='ltr' id='par_1_4' title="bbox 0 0 1192 3575">
     <span class='ocr_line' id='line_1_31' title="bbox 0 0 1192 3575; baseline 0 0"><span class='ocrx_word' id='word_1_192' title='bbox 0 0 1192 3575; x_wconf 95' lang='lat' dir='ltr'> </span> 
     </span>
    </p>
   </div>
  </div>
 </body>
</html>
