2375 3575
227 462 259 510 lu
507 484 554 517 aas
568 483 707 516 annotata.

173 628 212 665 aas
224 613 280 667 Nec
296 618 364 682 toga
382 612 502 682 decipiat
518 612 564 666 filo
580 612 742 667 tenuissima
760 625 810 665 nec
827 610 852 665 si

259 698 365 754 Anulus
383 699 412 753 in
429 697 523 767 digitis
540 697 610 752 alter
628 701 657 751 et
673 696 742 752 alter
760 696 818 751 erit.

225 784 352 839 Forsitan
369 801 403 838 ex
420 784 517 837 horum
534 799 646 837 numero
665 781 830 836 cultissimus
847 780 893 835 ille

260 868 313 924 Fur
331 870 368 924 sit
386 874 414 923 et
430 873 524 922 uratur
542 869 628 923 uestis
646 883 738 923 amore
755 871 827 921 tuae.

227 955 329 1010 Redde
346 955 455 1009 meuml’
473 953 592 1009 clamant
609 953 744 1023 spoliatae
762 968 846 1022 saepe
863 952 978 1023 puellae,

174 1055 213 1092 nso
261 1039 364 1094 ‘Redde
381 1040 491 1093 meum?
509 1044 569 1093 toto
587 1055 655 1093 uoce
672 1038 773 1093 boante
789 1037 858 1092 foro.

226 1125 284 1180 Has
303 1124 394 1179 Venus
412 1141 427 1178 e
445 1124 554 1193 templis
571 1124 658 1179 multo
676 1123 847 1179 radiantibus
866 1140 935 1179 auro

260 1210 347 1264 Lenta
365 1210 442 1264 uides
460 1209 522 1264 lites
539 1210 734 1280 Appiadesque
752 1215 824 1263 tuae.

226 1297 295 1349 Sunt
313 1311 422 1365 quoque
440 1312 494 1350 non
506 1295 590 1350 dubia
607 1296 741 1365 quaedam
754 1295 826 1349 mala
837 1296 950 1351 nomina
966 1295 1035 1349 fana

260 1381 383 1450 Decepta
400 1380 512 1435 armillis
530 1380 632 1435 crimen
649 1381 766 1434 amantis
783 1380 875 1436 habet

174 1480 212 1517 am
226 1466 330 1521 Discite
348 1467 383 1522 ab
401 1466 513 1521 alterins
531 1467 631 1521 uestris
647 1464 773 1521 timuisse
790 1464 927 1535 querellis,

260 1552 346 1606 launa
362 1552 452 1607 fallaci
469 1568 504 1605 ne
522 1552 559 1606 sit
575 1557 672 1621 aperta
688 1553 754 1606 uiro.

225 1636 339 1701 Parcite,
359 1638 531 1708 Cecropides,
549 1637 649 1692 iuranti
667 1637 777 1691 credere
794 1636 911 1693 Theseo.

261 1722 335 1790 Quos
353 1722 435 1777 faciet
452 1728 538 1779 testes
556 1723 622 1777 fecit
639 1728 667 1777 et
685 1728 750 1777 ante
767 1722 842 1777 deos.

227 1808 261 1861 Et
279 1808 335 1872 tibi,
354 1809 532 1879 Demophoon
550 1809 649 1863 Thesei
668 1809 786 1865 criminis
804 1810 892 1864 heres.

175 1914 214 1952 teo
261 1893 382 1964 Phyllide
401 1895 517 1964 decepta
534 1895 610 1948 nulla
627 1894 722 1949 relicta
738 1895 815 1949 fides.

227 1979 255 2033 Si
273 1979 342 2034 bene
360 1980 526 2049 promittent
544 1979 658 2034 totidem
677 1979 827 2050 promittite
845 1981 946 2036 uerbis.

262 2065 290 2120 Si
309 2065 440 2129 dederint,
460 2069 487 2118 et
506 2081 556 2119 uos
573 2065 674 2134 gaudia
691 2072 774 2135 pacta
792 2066 865 2120 date.

227 2150 276 2204 llla
293 2155 385 2220 potest
403 2150 499 2218 uigiles
516 2151 640 2204 flammas
659 2151 817 2220 extinguere
834 2151 936 2206 Vestae

261 2235 296 2289 Et
312 2252 408 2305 rapere
426 2253 441 2289 e
458 2236 576 2305 templis,
594 2236 696 2291 Inachi.
715 2253 794 2291 sacra
810 2237 866 2292 tuis

175 2338 213 2374 ass
228 2321 262 2374 Et
280 2322 345 2376 dare
363 2322 448 2375 mixta
464 2322 523 2375 uiro
541 2321 612 2376 tritis
630 2323 738 2376 aconita
755 2322 859 2388 cicutis,

261 2409 382 2476 Accepto
400 2422 527 2461 uenerem
545 2423 655 2461 munere
673 2408 754 2477 siqua
770 2411 861 2476 negat

229 2492 291 2546 Fert
308 2493 415 2546 animus
433 2493 545 2562 propius
564 2494 720 2547 consistere.
741 2493 881 2563 supprime
897 2494 1026 2558 habenae,

261 2578 339 2632 llusa
358 2594 407 2632 neo
425 2579 551 2634 admissis
569 2579 724 2648 exspatiare
742 2579 818 2634 rotis.

229 2663 315 2717 Verba
334 2664 432 2717 uadum
451 2669 585 2733 temptent
602 2664 726 2733 abiegnis
744 2665 847 2734 scripta
863 2664 981 2720 tabellis.

175 2765 214 2802 ero
264 2749 386 2818 Accipiat
404 2751 503 2805 missas
521 2755 588 2819 apta
605 2750 729 2804 ministra
747 2755 836 2805 notas.

228 2835 349 2903 Inspice,
368 2836 497 2906 quodque
514 2835 597 2903 leges¹
617 2851 650 2889 ex
667 2834 735 2905 ipsis
754 2834 852 2904 collige
869 2836 974 2903 uerbis,

263 2919 362 2989 Fingat
378 2938 414 2975 an
432 2937 466 2974 ex
483 2922 574 2976 animo
592 2921 779 2992 sollicitusque
796 2927 882 2991 roget
