2375 3575
219 460 262 510 lto
542 479 652 513 suerunt.

248 612 325 679 Quod
346 610 409 664 inibi
428 609 477 665 das
496 610 595 663 furtim.
615 609 673 663 inre
691 614 789 665 ooaeta
805 610 894 665 dabis.

176 716 200 751 aa
215 698 313 751 Verum
324 696 411 750 inuita
424 695 489 749 dato
509 727 527 734 -
547 698 627 764 potes
639 693 691 749 boo
705 726 738 736 -
751 694 904 765 similisque
915 701 1027 749 noeane.

248 781 399 836 Blanditiae
417 786 527 834 taceant
544 780 635 850 sitque
653 779 774 850 maligna
792 796 887 835 uenus.

215 868 243 921 Si
262 884 323 921 mea
341 873 406 920 uota
423 866 528 930 ualent,
546 865 621 920 illum
640 880 748 936 quoque
767 881 801 920 ne
819 866 909 932 iuuet,
927 871 999 936 opto.

250 952 278 1009 Si
296 952 397 1016 minus,
415 956 444 1005 at
461 957 534 1005 certe
551 958 579 1005 te
597 951 672 1005 iuuet
690 951 754 1005 inde
770 950 846 1005 nihil.

216 1037 270 1092 Sed
288 1052 474 1107 quaecumque
491 1044 582 1091 tamen
601 1041 707 1091 noctem
725 1036 837 1091 fortuna
853 1039 995 1107 sequetur,

177 1140 202 1176 ro
249 1124 316 1177 Cras
335 1122 400 1175 mihi
417 1121 552 1176 constanti
569 1137 638 1176 uooe
657 1121 766 1177 dedisse
784 1137 864 1192 nega.

579 1346 618 1410 V.

218 1467 316 1518 Aestus
335 1473 400 1529 erat,
419 1465 589 1534 mediamque
608 1464 666 1519 dies
685 1467 814 1531 exegerat
831 1463 937 1518 borant.

251 1549 373 1618 Adposui
393 1550 480 1603 medio
498 1550 619 1603 membra
636 1548 754 1603 leuanda
772 1554 843 1603 toro.

219 1637 283 1689 Pars
302 1635 433 1704 adaperta
449 1634 501 1689 fuit
518 1652 582 1704 pars
602 1634 687 1688 altera
705 1633 800 1687 clausa
817 1632 969 1696 fenestrae,

251 1720 337 1789 Quale
354 1720 410 1773 fere
428 1719 514 1774 siluae
532 1720 621 1773 lumen
642 1720 740 1774 habere
758 1718 857 1784 solent

193 1823 203 1856 ε.
218 1807 315 1874 Qualia
332 1806 476 1861 sublucent
493 1806 613 1875 fugiente
632 1804 794 1876 crepuscula
811 1804 938 1872 Phoebo,

252 1894 307 1945 Aut
324 1892 370 1946 ubi
388 1908 440 1945 nox
459 1891 525 1946 abiit
542 1907 592 1945 nee
610 1896 700 1945 tamen
720 1895 781 1944 orta
798 1890 867 1945 dies.

219 1978 268 2032 llla
285 1977 446 2031 uerecundis
464 1977 509 2029 lux
527 1981 570 2030 est
589 1976 747 2044 praebenda
765 1974 872 2044 puellis,

253 2064 313 2131 Qua
329 2063 440 2117 timidus
459 2062 575 2116 latebras
594 2067 686 2131 speret
703 2061 804 2115 habere
821 2061 920 2130 pudor.

218 2150 290 2203 Eece
308 2149 425 2202 Corinna
443 2148 517 2202 uenit
534 2147 628 2201 tunica
646 2146 739 2201 uelata
756 2146 878 2201 recincta

184 2250 205 2286 ro
254 2234 376 2289 Candida
394 2233 505 2287 diuidua
523 2233 592 2286 colla
609 2237 719 2301 tegente
738 2247 827 2296 roma,

220 2319 340 2387 Qualiter
357 2319 383 2373 in
402 2318 537 2372 thalamos
556 2319 662 2372 l'amosa
681 2316 838 2373 Semiramis
856 2319 912 2371 isse

254 2405 358 2458 Dicitur
376 2414 403 2457 et
420 2404 510 2458 multis
530 2404 592 2458 Lais
611 2407 703 2458 amata
721 2402 794 2456 uiris.

221 2491 331 2559 Deripui
348 2491 474 2545 tunicam.
493 2505 543 2542 neo
562 2489 675 2543 multum
693 2505 755 2542 rara
772 2487 898 2542 nocebat.

254 2574 396 2644 Pugnabat
413 2575 505 2628 tunica
523 2574 572 2628 sed
590 2581 681 2640 tamen
700 2573 747 2627 illa
763 2572 829 2642 tegi.

185 2673 206 2708 1⁵
221 2664 295 2727 Quae
309 2677 367 2714 oum
381 2661 420 2714 ita
431 2665 573 2729 pugnaret,
585 2663 726 2729 tamquam
741 2674 812 2729 quae
824 2657 936 2712 uineere
947 2655 1035 2722 nollet,

256 2746 359 2800 Victust
377 2762 430 2798 non
448 2761 529 2812 aegre
547 2745 702 2813 proditione
721 2760 779 2798 sua.

222 2832 254 2884 Vt
273 2832 349 2886 stetit
366 2835 429 2884 aute
447 2830 540 2884 oeulos
558 2831 650 2900 posito
670 2830 803 2884 uelamine
821 2833 944 2891 nostros,

257 2918 285 2969 ln
302 2921 361 2969 toto
379 2932 512 2985 nusquam
532 2931 644 2985 corpore
663 2916 761 2969 menrla
777 2914 836 2968 fuit.
