2375 3575
458 468 504 500 uns
519 468 657 502 sunnonis
910 447 940 499 19

130 612 162 651 ree
178 598 235 652 Fac
253 597 361 652 domina
379 597 483 668 potiare
502 597 583 667 prius.
603 612 693 651 comes
712 596 757 651 illa
775 603 912 667 sequatur.

212 681 272 737 Non
290 682 339 736 tibi
358 683 391 736 ab
409 675 534 736 ancillast
552 681 707 752 incipienda
724 699 819 737 uenus.

176 768 238 822 Hoc
256 784 339 821 unum
357 783 465 832 moneo,
485 766 575 836 siquid
593 767 674 820 modo
693 767 809 821 creditur
827 769 891 834 arti,

212 852 267 906 Nec
285 868 346 906 mea
364 852 437 906 dicta
454 869 538 923 rapax
556 868 604 922 per
621 869 695 907 marc
712 855 810 908 uentus
829 855 899 922 agit,

176 941 234 993 Aut
251 953 398 1008 numquam
416 940 532 1007 temptes
550 941 598 991 aut
614 938 721 1006 perfice.
739 938 840 993 tollitur
857 939 949 1006 index,

130 1037 164 1077 rso
214 1022 281 1078 Cum
300 1023 384 1077 semel
401 1023 429 1075 in
447 1027 550 1093 partem
565 1023 687 1078 criminis
705 1024 765 1094 ipsa
783 1025 865 1079 uenit.
909 1043 912 1048 ·

176 1109 237 1162 Non
255 1108 314 1162 anis
333 1108 433 1162 utiliter
452 1108 562 1162 uiscatis
580 1107 675 1175 effugit
693 1108 755 1174 alis,

212 1193 272 1247 Non
289 1193 359 1248 bene
377 1193 410 1247 de
429 1193 497 1248 laxis
516 1193 638 1248 cassibus
657 1193 711 1247 exit
728 1211 800 1264 aper.

177 1279 293 1334 Saucius
312 1282 418 1349 arrepto
436 1278 520 1348 piscis
537 1282 661 1332 teneatur
679 1279 713 1334 ab
731 1279 823 1346 hamo,

212 1364 348 1434 Perprime
365 1367 526 1434 temptatam
545 1379 595 1417 nec
612 1363 664 1418 nisi
682 1365 769 1419 uictor
787 1368 838 1420 abi.

130 1462 162 1504 res
179 1449 266 1518 [Tunc
284 1465 373 1519 neque
391 1453 418 1502 te
436 1449 532 1519 prodet
550 1452 684 1503 communi
703 1450 783 1504 noxia
800 1451 891 1522 culpa,

212 1533 350 1605 Factaque
368 1540 446 1588 erunt
464 1534 588 1589 dominae
601 1534 727 1604 dictaque
740 1539 805 1590 nota
821 1536 887 1606 tibi]

177 1619 232 1673 Sed
250 1620 320 1674 bene
338 1620 447 1674 celetur.
466 1620 533 1674 bene
553 1620 575 1674 si
594 1620 724 1675 celabitur
741 1620 832 1686 index,

211 1705 330 1759 Notitiae
348 1705 451 1759 suberit
469 1720 575 1775 semper
594 1705 681 1759 amica
698 1708 771 1760 tuae.

177 1792 312 1861 Tempora
330 1792 376 1861 qui
394 1790 459 1845 solis
478 1807 593 1861 operosa
611 1791 760 1847 colentibus
778 1808 855 1857 arua,

130 1898 163 1936 mo
213 1876 337 1941 Fallitur,
357 1881 385 1931 et
401 1876 492 1931 nautis
510 1876 681 1946 respicienda
697 1881 783 1948 putat.

176 1963 232 2017 Nec
250 1978 356 2032 semper
375 1961 509 2016 credenda
527 1977 602 2017 ceres
620 1962 761 2017 fallacibus
779 1963 863 2028 aruis,

212 2046 265 2101 Neo
283 2062 388 2118 semper
406 2046 484 2101 uiridi
502 2063 622 2101 concaua
638 2048 737 2118 puppis
756 2063 851 2118 aquae.

176 2132 231 2187 Nec
249 2136 357 2187 teneras
375 2121 481 2203 semper
498 2136 586 2186 tutum
605 2136 715 2203 captare
732 2132 843 2203 puellas.

211 2218 300 2287 Saepe
318 2218 382 2272 dato
400 2217 495 2272 melius
513 2222 634 2288 tempore
651 2216 699 2271 fiet
715 2216 794 2271 idem.

130 2325 161 2365 ιω
177 2302 242 2357 Sine
261 2303 319 2359 dies
338 2304 440 2358 suberit
458 2303 557 2358 natalis
576 2303 635 2357 siue
652 2301 796 2368 kalendae,

212 2389 286 2456 Quas
303 2388 432 2443 Venerem
451 2388 529 2444 Marti
546 2388 720 2443 continuasse
736 2388 824 2454 iuuat,

176 2474 241 2530 Siue
259 2474 311 2529 erit
328 2478 439 2529 ornatus
458 2490 512 2529 non
529 2477 561 2528 ut
578 2473 630 2528 fuit
646 2478 709 2529 ante
728 2473 837 2543 sigillis,

212 2560 267 2615 Sed
283 2574 376 2628 regum
394 2559 498 2631 positas
517 2559 605 2614 circus
623 2558 734 2614 habebit
751 2575 830 2628 opes,

176 2644 261 2700 Differ
274 2661 351 2716 opus.
370 2651 435 2699 tuno
452 2644 538 2699 tristis
557 2644 655 2709 hiems,
674 2648 740 2698 tunc
751 2644 858 2699 Pliades
876 2645 989 2711 instant,

130 2752 164 2789 no
213 2729 289 2784 'lunc
305 2733 382 2784 tener
399 2745 535 2800 aequorea
552 2729 680 2798 mergitur
697 2729 808 2784 Haedus
827 2746 906 2801 aqua.

178 2815 253 2870 Tunc
270 2815 339 2869 bene
357 2814 496 2870 desinitur.
515 2817 581 2869 tunc
598 2814 684 2885 siquis
703 2815 819 2869 creditur
837 2815 904 2882 alto,

211 2899 262 2954 Vix
279 2903 372 2954 teneat
388 2900 494 2955 lacerae
511 2900 643 2970 naufraga
659 2900 779 2955 membra
796 2900 870 2956 ratis.
1058 2893 1064 2928 ¹

821 3004 1029 3137 ““Ι
