2375 3575
245 462 292 514 148
571 483 681 517 anonas.

274 613 365 668 Exitio
382 616 470 668 terras
488 629 548 667 cum
567 612 644 667 dabit
662 630 717 666 una
735 612 802 668 dies.

202 713 226 750 aa
242 699 350 769 Tityrus
369 702 397 753 et
414 698 507 768 fruges
525 698 683 767 Aeneiaque
701 714 777 751 arma
794 696 929 766 legentur,

274 784 362 839 Roma
378 783 538 853 triumphati
557 784 621 836 dum
640 788 724 852 caput
740 783 814 837 orbis
834 783 894 837 erit.

241 870 335 924 Donec
353 872 432 923 erunt
449 869 527 937 ignes
546 884 681 937 arcusque
699 868 842 936 Cupidinis
862 886 951 934 arma,

273 954 420 1009 Discentur
438 954 549 1018 numeri,
569 953 640 1007 culte
659 953 771 1018 Tibulle,
790 954 840 1007 tui.

241 1039 335 1095 Gallus
354 1044 382 1093 et
399 1038 540 1108 Hesperiis
559 1042 587 1091 et
605 1038 700 1093 Gallus
719 1042 799 1093 notus
818 1036 885 1094 Eois

202 1138 227 1176 au
275 1125 311 1178 Et
328 1140 379 1178 sua
397 1140 457 1177 cum
478 1123 555 1177 Gallu
574 1127 640 1177 nota
658 1122 769 1194 Lycoris
788 1124 847 1177 erit

239 1209 311 1278 Ergo
330 1225 391 1262 cum
409 1208 506 1273 silices,
527 1224 588 1261 cum
607 1208 675 1263 deus
692 1208 823 1277 patientis
843 1211 928 1264 aratri

273 1294 428 1363 Depereant
446 1310 523 1358 aeuo,
543 1293 664 1347 carmina
682 1296 769 1347 morte
787 1300 891 1350 carent.

239 1379 345 1433 Cedant
363 1379 526 1433 carminibus
545 1394 625 1448 reges
643 1394 793 1449 regumque
810 1380 956 1450 triumphi.

273 1464 360 1518 (ledat
377 1468 406 1518 et
423 1464 532 1518 auriferi
549 1465 610 1533 ripa
627 1464 744 1532 benigna
762 1463 839 1534 Tagi.

201 1562 225 1600 aa
240 1548 308 1603 Vilia
325 1549 436 1602 miretur
454 1549 561 1619 uulgus.
581 1549 646 1602 mihi
663 1548 751 1604 flauus
770 1549 869 1619 Apollo

272 1633 374 1688 Pocula
392 1634 513 1689 Castalia
530 1634 613 1704 plena
630 1634 765 1689 ministret
783 1650 863 1704 aqua

239 1720 448 1791 Sustineamque
468 1735 547 1773 coma
564 1724 729 1773 metuentem
747 1719 850 1790 frigora
868 1724 992 1794 myrtum.

272 1809 351 1875 Aque
368 1805 408 1860 ita
425 1805 542 1860 sollicito
559 1805 661 1860 multus
679 1809 789 1860 amante
806 1804 890 1874 legar.

238 1891 363 1944 Pascitur
380 1891 408 1945 in
428 1891 498 1944 uiuis
516 1890 592 1945 liuor.
611 1891 752 1959 postlata
770 1890 896 1960 quiescit,

199 1987 225 2026 40
273 1975 340 2029 Cum
358 1992 424 2030 suus
444 1992 477 2028 ex
495 1975 591 2030 meritc
611 1991 746 2046 quemque
764 1980 856 2030 tuetur
875 1977 972 2032 honos

238 2061 310 2130 Ergo
329 2061 410 2114 etiam
429 2077 488 2115 cum
507 2076 550 2113 me
569 2077 713 2130 supremus
732 2061 856 2115 adederit
873 2062 959 2131 ignis,

272 2145 374 2210 Viuam,
394 2162 514 2216 parsque
532 2146 584 2199 mei
604 2146 689 2200 multa
706 2150 846 2216 superstes
864 2148 925 2203 erit.

422 2391 538 2451 LIBER
566 2392 776 2452 SECVNDVS.

587 2538 610 2603 Ι.

237 2655 296 2710 Huc
315 2672 424 2726 quoque
443 2657 583 2727 composui
602 2657 739 2726 Paelignis
758 2663 839 2713 natus
857 2659 980 2729 aquosis,

271 2740 318 2794 llle
338 2757 389 2810 ego
409 2742 545 2811 nequitiae
562 2742 637 2797 Nasu
654 2747 738 2813 poeta
756 2759 840 2798 meae.

237 2826 295 2880 Huc
314 2843 422 2897 quoque
445 2828 525 2881 iussit
543 2828 633 2882 Amor.
655 2827 750 2897 procul
772 2827 847 2894 hinc,
871 2829 970 2899 procul
992 2833 1054 2894 este,

269 2910 328 2965 Non
347 2911 414 2966 estis
432 2915 533 2966 teneris
552 2920 626 2981 apta,
645 2914 759 2978 theatra,
778 2913 875 2969 modis.
934 2915 1053 2982 [sanarat
