2375 3575
513 485 623 518 suenus.
906 459 954 515 153

181 612 243 666 Non
261 616 290 666 tu
308 616 390 667 natus
409 628 487 683 equo,
506 629 561 667 non
578 613 696 669 fortibus
715 614 788 669 utilis
807 616 901 681 armis,

216 697 319 752 Bellica
336 713 390 752 non
409 698 521 752 dextrae
539 700 668 754 conuenit
686 699 768 754 hasta
785 704 858 754 tuae.

182 783 241 837 lsta
260 799 347 837 mares
365 786 491 837 tractent.
508 788 538 838 tu
557 800 622 854 spes
642 785 748 854 depone
767 785 867 840 uiriles.

144 880 169 918 ιο
218 866 289 921 Sunt
305 868 354 921 tibi
373 884 434 922 cum
452 869 562 922 domina
579 869 659 939 signa
676 869 789 924 ferenda
805 874 862 930 tua,

182 953 262 1007 llane
278 953 361 1022 imple
378 954 489 1008 meritis.
508 954 589 1009 huius
607 955 655 1009 tibi
674 955 763 1023 gratia
780 957 874 1025 prosit.

217 1038 247 1093 Si
265 1053 359 1093 careas
376 1038 430 1104 illa,
450 1040 511 1109 quis
529 1043 593 1094 tuus
612 1055 678 1093 usus
697 1039 765 1094 erit?

183 1123 234 1177 Est
251 1123 334 1176 etiam
352 1124 444 1189 iacies,
463 1129 527 1178 sunt
545 1126 603 1195 apti
621 1124 726 1179 lusibus
745 1128 817 1179 anni.

218 1207 361 1275 Indignest
378 1209 456 1278 pigro
475 1210 562 1263 forma
579 1210 669 1279 perire
687 1210 749 1264 situ.

145 1306 169 1343 15
183 1292 290 1347 Fallere
307 1296 334 1347 te
352 1294 450 1363 potuit,
469 1294 594 1363 quamuis
612 1294 731 1349 habeare
749 1294 888 1351 molestus.

217 1377 277 1431 Non
296 1381 370 1432 caret
388 1378 495 1443 ellectu,
514 1379 588 1448 quod
607 1379 717 1434 noluere
736 1380 798 1435 duo.

183 1463 282 1532 Aptius
300 1466 331 1516 ut
347 1463 429 1518 fuerit
446 1464 572 1534 precibus
589 1468 752 1534 temptasse,
771 1482 913 1535 rogamus,

217 1547 290 1602 Dum
307 1547 375 1603 bene
393 1549 512 1617 ponendi
531 1566 645 1603 munera
661 1553 771 1619 tempus
789 1550 882 1605 habes.

542 1772 614 1838 llll.

180 1890 241 1945 Non
260 1905 311 1958 ego
330 1891 475 1946 mendosos
494 1891 582 1945 ausim
601 1889 746 1945 defendere
764 1907 854 1946 mores

216 1975 353 2046 Falsaque
370 1992 420 2045 pro
439 1976 513 2030 uitiis
531 1992 607 2030 arma
625 1991 734 2030 mouere
752 1976 829 2030 meis.

180 2061 321 2116 Confiteor
339 2092 370 2100 —
389 2061 481 2131 siquid
498 2061 612 2131 prodest
631 2059 730 2115 delicta
747 2060 840 2114 fateri!

215 2147 248 2200 In
265 2161 327 2200 mea
344 2161 417 2199 nunc
434 2146 546 2200 demens
564 2146 677 2200 crimina
694 2145 786 2200 fassus
805 2162 846 2199 eo.

156 2231 248 2295 ⁵0di‚
268 2247 318 2286 nec
335 2247 447 2300 possum
466 2231 580 2300 cupiens
600 2246 654 2284 nun
672 2246 746 2295 esse,
765 2231 839 2300 quod
857 2231 911 2284 odi.

216 2316 277 2370 Heu
295 2331 390 2385 quam,
408 2331 479 2386 quae
497 2315 610 2370 studeas
628 2331 742 2384 ponere,
761 2316 830 2370 ferre
848 2316 975 2384 graucstl

180 2401 250 2456 Nam
268 2401 367 2456 desunt
384 2402 456 2456 uires
474 2402 510 2455 ad
528 2417 570 2455 me
589 2400 653 2454 mihi
672 2401 770 2471 iusque
787 2401 944 2471 regendum.

214 2486 333 2542 Auferor
351 2490 380 2541 ut
397 2487 494 2556 rapida
512 2486 620 2541 concita
637 2487 739 2556 puppis
758 2502 839 2556 aqua.

180 2572 241 2626 Non
259 2575 302 2626 est
319 2575 393 2626 certa
410 2587 485 2626 meos
504 2587 574 2641 quae
592 2571 680 2626 forma
697 2571 796 2625 inuitet
814 2587 927 2626 amores.

144 2668 167 2707 m
214 2657 331 2712 Centum
350 2661 414 2712 sunt
432 2673 538 2722 causae,
559 2673 607 2711 cur
624 2672 675 2725 ego
694 2673 802 2726 semper
819 2672 915 2711 amem.

180 2742 246 2798 Siue
264 2741 385 2813 aliquast
402 2743 497 2797 oculos
514 2743 541 2796 in
561 2759 592 2797 se
610 2743 718 2796 deiecta
734 2742 888 2807 modestos,
936 2743 937 2747 ’

213 2828 294 2894 Vror,
314 2832 342 2883 et
358 2828 474 2883 insidiae
492 2833 558 2882 sunt
575 2827 664 2897 pudor
681 2826 726 2881 ille
743 2842 829 2881 meae.

179 2914 246 2970 Siue
263 2930 366 2983 procax
383 2913 515 2984 aliquast,
535 2913 640 2983 capior,
660 2912 725 2982 quia
740 2913 844 2967 rustica
861 2927 916 2965 non
934 2915 986 2976 est,
