2375 3575
263 462 295 515 68
543 486 589 518 aas
605 486 743 520 nunronrs.

262 616 367 670 Anulus
387 620 416 669 ut
433 616 488 680 fiat
508 615 595 684 primo
614 614 880 668 conlidituraurum.

297 701 371 768 Quas
389 700 482 768 geritis
502 699 594 763 uestis,
615 699 725 754 sordida
742 699 806 753 lana
823 698 885 753 fuit.

264 786 331 840 Cum
348 786 431 850 fieret,
451 785 522 855 lapis
541 801 622 855 asper
640 789 706 839 erat.
726 800 798 839 nunc
816 783 907 839 nobile
926 787 1033 855 signum

297 870 375 925 Nuda
393 869 483 925 Venus
501 871 626 925 madidas
645 871 777 940 expremit
793 870 883 933 imbre⁴
898 886 1002 925 comas.

212 970 250 1010 aaa
263 957 304 1011 Tu
323 971 432 1026 quoque
450 956 514 1009 dum
533 956 637 1020 coleris,
656 972 705 1010 nos
724 960 751 1010 te
770 955 887 1010 dormire
904 962 1038 1026 putemus.

297 1042 394 1111 Aptius
413 1058 429 1094 a
447 1058 553 1095 summa
570 1042 738 1111 conspiciere
757 1058 845 1096 manu.

264 1128 318 1182 Gur
334 1127 399 1180 mihi
417 1132 482 1180 nota
499 1132 547 1180 tuo
565 1132 677 1181 causast
695 1126 820 1181 candoris
837 1126 866 1180 in
885 1128 951 1181 ore?

297 1212 399 1267 Glande
417 1212 502 1265 forem
520 1212 640 1265 thalami.
660 1212 726 1281 quid
742 1212 808 1266 rude
827 1211 922 1281 prodis
940 1215 1028 1284 opus?

263 1298 348 1352 Multa
365 1298 438 1351 uiros
457 1298 561 1351 nescire
580 1298 665 1351 decet.
685 1314 749 1366 pars
766 1298 885 1351 maxima
902 1314 993 1352 rerum

213 1393 251 1433 reo
299 1383 432 1447 Offendat,
452 1383 475 1437 si
494 1400 547 1436 non
566 1383 695 1436 interiora
711 1386 798 1451 tegas,

263 1472 355 1523 Aurea
372 1484 443 1538 quae
461 1468 582 1538 pendent
600 1474 696 1522 ornato
714 1468 793 1536 signa
810 1468 932 1528 theatro,

297 1553 411 1624 Inspice,
431 1570 513 1623 quam
530 1554 621 1608 tenuis
639 1554 751 1608 bractea
767 1553 841 1622 ligna
858 1557 946 1622 tegat.

265 1639 320 1693 Sed
337 1655 425 1709 neque
444 1639 479 1692 ad
496 1637 543 1691 iila
559 1638 624 1692 licet
642 1640 744 1709 populo
762 1639 813 1693 nisi
831 1637 907 1693 facta
925 1641 1027 1698 uenire

298 1723 353 1778 Nec
372 1725 423 1778 nisi
441 1724 583 1778 summotis
603 1726 689 1778 forma
707 1724 831 1795 paranda
848 1724 923 1780 uiris.

213 1819 251 1858 2³⁵
265 1813 301 1864 At
317 1827 372 1865 non
390 1812 538 1881 pectendos
557 1827 648 1864 coram
666 1810 796 1880 praebere
814 1810 937 1880 capillos,

299 1895 333 1949 vt
350 1896 458 1950 iaceant
475 1897 528 1951 fusi
546 1913 595 1966 per
612 1901 661 1950 tua
678 1900 762 1964 terga,
781 1899 853 1949 ueto.

265 1979 313 2034 lllo
332 1982 479 2052 praecipue
498 1998 531 2036 ne
550 1981 588 2036 sis
606 1998 714 2036 morosa
732 1985 829 2036 caueto

298 2066 431 2136 Tempore
448 2083 498 2121 nee
516 2066 609 2136 lapsas
627 2083 710 2136 saepe
728 2066 834 2122 resolue
852 2082 955 2122 comas.

266 2150 337 2207 Tuta
354 2153 390 2206 sit
408 2153 535 2206 ornatrix.
554 2152 607 2217 odi,
627 2169 697 2222 quae
716 2153 823 2207 sauciat
840 2169 889 2206 ora

214 2245 252 2286 teo
299 2238 439 2308 Vnguibus
458 2243 485 2292 et
503 2242 582 2308 rapta
600 2238 711 2292 brachia
728 2238 786 2306 figit
803 2254 862 2292 acu.
948 2253 950 2257 ·

265 2323 396 2388 Deuouet
415 2327 446 2376 ut
463 2323 551 2392 tangit
569 2323 693 2377 dominae
711 2327 801 2392 caput,
819 2322 867 2376 illa
884 2323 1022 2395 simulque

300 2407 391 2463 Plorat
408 2409 434 2462 in
454 2409 558 2463 inuisas
576 2408 786 2476 sanguinolenta
803 2424 904 2462 comas.

267 2493 342 2560 Quae
360 2494 430 2548 male
449 2493 579 2557 crinitam,
600 2493 740 2548 custodem
758 2493 786 2546 in
804 2493 895 2548 limine
911 2502 1008 2564 ponat.

300 2579 449 2634 Orneturue
467 2579 559 2633 Bonae
576 2596 682 2649 semper
699 2579 727 2632 in
746 2579 813 2633 aede
831 2578 899 2633 deae

217 2671 254 2711 ²⁴⁵
267 2662 363 2719 Dictus
381 2680 454 2718 eram
474 2664 563 2718 subito
582 2664 690 2717 cuidam
709 2664 816 2718 uenisse
833 2663 958 2733 puellae,

301 2749 421 2805 Turbida
438 2766 582 2820 peruersas
600 2750 688 2804 induit
704 2749 751 2802 iila
768 2765 868 2804 eomas.

267 2833 399 2890 Hostibus
417 2834 526 2890 eueniat
543 2839 601 2888 tam
617 2833 690 2889 foedi
708 2850 793 2889 causa
809 2834 930 2904 pudoris,

301 2919 386 2990 Inque
403 2936 487 2975 nurus
499 2919 622 2974 Parthas
640 2919 758 2974 dedecus
776 2918 841 2974 illud
860 2923 914 2974 eat.
