2375 3575
227 452 274 504 138
553 474 662 507 11111111,

256 604 377 657 Desinat.
397 603 525 670 ingeniist
543 602 706 671 experientis
725 619 808 657 arnor.

223 690 318 758 [Ardet
335 690 362 743 in
380 688 498 743 abducta
515 687 636 742 Briseide
654 703 769 755 magnus
787 688 916 743 Achilles.

256 775 326 829 Dum
344 775 414 838 lieet
433 772 574 841 Argolicas
591 772 716 840 frangite,
736 772 834 838 Troes,
854 776 942 844 opes]

184 870 209 907 ³⁵
222 859 324 914 Hector
342 859 377 912 ab
394 858 599 912 Andromaches
618 857 794 927 conplexibus
811 858 872 913 ibat
889 859 926 913 ad
945 876 1025 922 arma

257 944 292 998 Et
309 943 414 1012 galeam
434 942 516 1012 capiti
535 959 606 1012 quae
624 942 708 1008 daret
729 959 796 997 uxor
813 948 881 998 erat.

224 1030 347 1096 [Summa
364 1028 471 1093 dueum,
491 1028 606 1093 Atrides,
626 1027 686 1082 uisa
703 1028 855 1082 Priameide
873 1029 960 1083 fertur

257 1113 395 1169 Maenadis
414 1113 507 1168 effusis
525 1113 692 1182 obstipuisse
709 1113 802 1167 comis.

223 1199 294 1253 Mars
313 1214 422 1269 qnoque
441 1198 591 1268 deprensus
610 1198 715 1252 fabrilia
733 1198 844 1252 uincula
862 1199 959 1253 sensit.

184 1293 210 1331 4⁰
257 1283 350 1338 Notior
367 1284 394 1337 in
414 1282 489 1337 eaelo
507 1282 599 1337 fabula
617 1282 780 1350 1111111111]

224 1370 286 1439 lpse
304 1384 355 1437 ego
373 1370 465 1437 segnis
484 1384 557 1422 eram
576 1368 762 1438 discinctaque
779 1368 808 1422 iu
826 1370 884 1423 otia
903 1376 992 1423 natus.

257 1453 409 1508 Mollierant
426 1454 531 1508 animos
549 1452 637 1508 lectus
655 1459 682 1507 et
700 1453 796 1508 umbra
814 1469 899 1508 meos·

224 1539 325 1609 lnpulit
341 1539 471 1606 ignauum
488 1538 625 1592 formosae
643 1554 708 1592 eura
726 1538 833 1607 puellae

257 1624 341 1679 lussit
358 1626 430 1678 1111
449 1623 546 1678 eastris
564 1639 627 1677 aere
644 1638 747 1677 morere
764 1623 830 1677 suis.

183 1710 289 1764 45111111
307 1710 384 1764 uides
403 1710 500 1777 agilem
518 1714 705 1778 nocturnaque
724 1707 794 1761 bella
811 1713 960 1775 gerentem.

258 1796 310 1862 Qui
327 1796 401 1850 nolet
417 1795 475 1849 fieri
493 1795 654 1859 desidiosus,
673 1800 752 1849 amet.

226 2136 320 2204 Qualis
338 2136 373 2191 ab
391 2135 493 2189 Eurota
511 2135 634 2206 Phrygiis
653 2143 750 2189 aueota
768 2135 868 2189 carinis

258 2220 424 2289 Coniugibus
442 2220 503 2274 belli
522 2236 607 2274 eausa
625 2221 731 2274 duobus
749 2224 820 2284 erat,

225 2306 317 2374 Qualis
336 2309 395 2359 erat
412 2305 496 2370 Lede,
516 2321 597 2374 quam
617 2306 716 2375 plumis
734 2305 844 2360 abditus
862 2304 933 2359 albis

258 2390 378 2446 Callidus
395 2391 423 2444 in
441 2391 510 2444 lalsa
527 2391 592 2444 lusit
611 2390 716 2444 adulter
733 2406 792 2455 aue,

200 2476 318 2544 ⁵Qualis
336 2480 485 2547 Amymone
503 2476 583 2529 sieois
601 2476 701 2530 errauit
718 2475 746 2529 in
764 2476 844 2543 agris,

258 2561 325 2616 (lum
343 2565 477 2631 premeret
494 2561 591 2614 summi
611 2560 719 2614 uertiois
738 2577 806 2615 urna
822 2576 926 2625 comas,

225 2647 300 2701 Talis
319 2663 386 2701 eras.
405 2645 579 2716 aquilamque
597 2646 623 2698 in
643 2650 670 2698 te
688 2650 850 2714 taurumque
868 2645 998 2699 timebam

259 2732 294 2785 Et
312 2731 441 2801 quiequid
459 2747 557 2797 magno
577 2730 610 2784 de
629 2730 693 2783 Ioue
713 2731 776 2784 feeit
795 2746 878 2784 amor.

226 2818 300 2870 Nune
317 2817 397 2870 timor
415 2817 502 2869 omnis
520 2815 606 2879 abest,
625 2816 760 2884 animique
779 2815 900 2869 resanuit
918 2832 1000 2875 error,

190 2908 212 2943 1⁰
260 2901 314 2954 Neo
332 2902 416 2955 iacies
434 2900 527 2954 oeulos
546 2901 598 2953 iam
619 2901 691 2969 capit
710 2901 762 2954 ista
781 2915 864 2953 meos.
