2375 3575
226 445 278 497 tlt
554 452 663 531 nunnus.

228 596 282 652 Cur
299 594 399 649 totiens
418 593 498 647 uideo
516 592 587 647 mitti
604 591 742 660 recipique
760 590 895 661 tabellas?

262 680 317 736 Cur
333 694 445 749 pressus
464 679 537 746 prior
555 682 598 731 est
614 676 780 746 interiorque
798 677 894 730 torus?

228 766 283 826 Cur
300 764 362 834 plus
381 779 463 833 quam
481 778 577 817 somno
595 763 720 817 turbatos
739 777 800 816 esse
819 760 935 830 capillos

262 849 393 918 Collaque
411 848 550 917 conspicio
569 847 658 901 dentis
675 847 777 902 habere
796 848 907 900 notam?

189 948 214 988 so
229 935 344 990 Tantum
364 949 416 987 non
435 931 529 987 oculos
548 933 648 986 crimen
666 932 778 986 deducis
797 933 833 986 ad
850 932 936 1001 ipsos.

262 1019 291 1073 Si
309 1018 418 1073 dubitas
435 1018 525 1072 famae
542 1034 666 1088 parcere,
687 1034 767 1087 parce
786 1017 858 1071 mihi.

227 1104 302 1159 Mens
321 1103 378 1158 abit
395 1110 423 1158 et
440 1104 550 1167 morior,
570 1103 697 1173 quotiens
715 1118 845 1172 peccasse
863 1103 972 1169 fateris,

261 1188 366 1259 Perque
385 1205 459 1243 meos
478 1194 554 1243 artus
572 1188 672 1257 frigida
690 1192 769 1257 gutta
785 1188 852 1242 fluit.

227 1273 316 1339 [Tunc
333 1290 402 1327 amo.
422 1280 487 1327 tunc
499 1274 543 1328 odi
561 1273 675 1338 frustra,
695 1274 768 1343 qnod
787 1290 879 1328 amare
898 1290 1006 1329 necesse

187 1370 214 1409 ao
261 1358 337 1413 Tunc
355 1375 418 1428 ego,
437 1359 486 1414 sed
505 1364 607 1424 tecum,
627 1364 750 1413 mortuus
769 1375 831 1414 esse
849 1360 952 1427 uelim]

226 1442 267 1496 Nil
286 1444 411 1513 equidem
429 1445 571 1515 inquiram.
590 1460 641 1497 neo
659 1460 730 1513 quae
749 1444 837 1498 celare
855 1444 967 1513 parabis

262 1528 401 1599 Insequar.
420 1536 448 1583 et
465 1530 562 1584 falsum
582 1530 699 1584 muneris
718 1532 805 1584 instar
823 1531 881 1585 erit.

227 1614 255 1667 Si
273 1619 363 1668 tamen
382 1615 408 1668 in
428 1616 517 1669 media
535 1616 670 1684 deprensa
686 1617 814 1670 tenebere
833 1615 926 1685 culpa,

259 1699 295 1753 Et
312 1700 413 1754 fuerint
431 1701 517 1754 oculis
536 1704 636 1770 probra
653 1701 771 1755 nidenda
789 1702 869 1766 meis,

186 1797 213 1835 45
227 1784 302 1851 Quae
320 1785 388 1840 bene
406 1786 468 1841 uisa
486 1786 548 1840 milri
566 1786 680 1852 inerint,
698 1788 768 1841 bene
785 1788 846 1842 uisa
863 1792 974 1858 negato.

261 1872 417 1926 Concedent
435 1872 525 1927 uerbis
544 1872 645 1925 lumina
664 1877 758 1926 nostra
775 1873 838 1927 tuis.

225 1955 314 2009 Prona
331 1958 380 2012 tibi
398 1958 468 2011 uinci
488 1957 640 2026 cupientem
660 1957 766 2011 uincere
784 1957 910 2026 palmast.

260 2039 301 2094 Sit
320 2043 398 2096 modo
419 2052 481 2096 ‘non
499 2043 558 2096 feci’
577 2043 667 2095 dicere
686 2043 779 2111 lingua
796 2059 906 2097 memor.

225 2126 291 2179 Cum
310 2127 359 2182 tibi
378 2129 517 2197 contingat
535 2127 625 2181 uerbis
644 2144 773 2196 superare
791 2129 910 2194 duobus,

187 2221 212 2260 ⁵0
259 2212 317 2266 Etsi
336 2230 389 2268 non
407 2231 502 2278 causa,
522 2213 610 2267 iudice
630 2213 707 2267 uince
726 2218 781 2268 tuo.

512 2399 716 2407 ———

572 2522 644 2587 XV.

224 2640 329 2709 Quaere
346 2657 447 2694 nouum
464 2650 567 2707 uatem,
586 2648 741 2696 tenerorum
760 2646 844 2697 mater
862 2644 999 2697 Amorum.

257 2724 371 2781 Raditur
388 2725 432 2780 hic
451 2727 535 2795 elegis
553 2727 648 2781 ultima
666 2731 738 2781 meta
756 2728 831 2781 meis

224 2811 299 2880 Quos
317 2826 368 2880 ego
386 2813 518 2882 conposui
536 2813 656 2881 Paeligni
673 2813 743 2867 ruris
762 2813 887 2870 alumnus
907 2845 939 2854 -

255 2897 313 2955 Nec
330 2913 373 2952 mc
392 2897 505 2953 deliciae
523 2898 673 2953 dedecuere
691 2914 767 2952 meae
787 2929 826 2963 -,
