2375 3575
533 480 643 514 ΔΙΟΒΕΒ.

240 612 269 667 Si
289 612 357 667 satis
375 629 430 665 una
447 614 546 680 potest.
565 609 695 664 siminus
714 624 779 673 una,
800 608 877 661 duae.

203 697 353 754 Sufficiam.
372 696 499 766 graciles,
517 712 572 750 non
589 701 654 749 sunt
673 694 731 748 sine
749 692 852 748 uiribus
871 696 954 747 artus.

240 783 373 848 Pondere,
393 799 447 836 nou
464 781 556 836 neruis
574 797 689 850 corpora
707 786 801 834 nostra
819 785 919 833 carent.

161 885 190 924 aa
203 869 241 924 Et
258 869 335 923 lateri
354 868 429 923 dabit
445 868 473 922 in
492 868 564 921 uires
582 865 712 920 alimenta
731 865 865 934 uoluptas.

240 954 389 1023 Deceptast
406 970 491 1023 opera
508 951 582 1006 nulla
599 951 690 1021 puella
708 966 776 1004 mea.

205 1030 297 1109 Saepe
314 1056 365 1109 ego
383 1039 485 1093 lasciue
504 1036 660 1106 consumpsi
678 1041 802 1104 tempora
820 1035 919 1100 noctis,

241 1124 318 1179 Vtilis
337 1128 365 1178 et
381 1124 445 1178 forti
464 1138 576 1192 corpore
594 1139 673 1176 mane
691 1122 737 1176 lui.

204 1209 294 1274 Felix,
314 1226 394 1280 quem
412 1209 523 1263 Veneris
542 1207 691 1263 certamina
708 1212 803 1261 mutua
820 1206 948 1276 perdunt!

169 1311 193 1351 so
239 1295 273 1349 Di
292 1294 406 1361 laoiant,
423 1294 470 1348 leti
488 1309 572 1349 causa
589 1294 626 1349 sit
643 1294 697 1347 ista
714 1292 778 1346 rneil

204 1380 305 1435 Induat
322 1380 445 1435 aduersis
464 1379 600 1434 contraria
617 1382 730 1449 pectora
746 1377 807 1432 telis

238 1465 315 1519 lliles
333 1468 361 1519 et
378 1470 518 1519 aeternum
536 1465 668 1533 sanguine
687 1480 785 1517 nomen
803 1468 880 1517 emat.

205 1551 325 1618 Quaerat
342 1567 443 1606 auarus
461 1567 528 1620 opes
547 1555 574 1605 et
592 1566 662 1620 qnae
680 1549 790 1603 lassarit
808 1549 909 1603 arando

238 1639 367 1707 Aequora
383 1636 492 1706 periuro
510 1635 659 1705 naufragus
677 1652 723 1689 ore
742 1634 823 1689 bibat.

168 1738 191 1776 ss
203 1724 241 1777 At
259 1722 325 1775 mihi
343 1722 483 1791 contingat
501 1721 607 1775 ueneris
625 1720 802 1790 languescere
820 1727 906 1784 motu,

239 1808 308 1863 Gum
325 1808 436 1874 moriar,
456 1808 572 1862 medium
591 1807 683 1862 soluar
701 1811 729 1861 et
746 1807 815 1860 inter
833 1823 910 1875 opus.

203 1895 295 1964 Atque
313 1893 412 1964 aliquis
430 1898 523 1948 nostro
540 1893 685 1947 lacrimans
703 1892 731 1946 in
749 1893 842 1947 funere
861 1892 934 1946 dicat

239 1979 419 2035 ‘conueniens
438 1981 510 2034 uitae
527 1995 601 2034 ruors
619 1978 671 2032 luit
689 1978 743 2032 ista
760 1978 840 2032 tuae!

562 2201 620 2266 xl.

203 2322 295 2377 Prima
312 2323 398 2376 malas
416 2321 509 2375 docuit
527 2321 687 2375 mirantibus
706 2320 832 2390 aequoris
852 2320 931 2374 undis

238 2406 346 2462 Peliaco
364 2405 445 2476 pinus
463 2408 564 2460 uertice
583 2422 666 2460 caesa
684 2406 756 2472 uias,

203 2494 281 2562 Quae
300 2492 486 2547 concurrentis
503 2492 574 2546 inter
593 2492 737 2546 temeraria
755 2494 848 2546 cautes

238 2578 420 2647 Conspicuam
439 2577 514 2633 fuluo
534 2577 633 2632 uellere
651 2577 725 2631 nexit
743 2593 830 2631 ouem.

175 2679 188 2716 5
203 2666 225 2720 0
246 2664 360 2729 utinam,
380 2663 476 2734 nequis
494 2679 568 2717 remo
586 2662 657 2717 freta
673 2663 756 2731 longa
774 2667 908 2727 moueret,

238 2752 312 2818 Argo
329 2747 453 2804 funestas
471 2765 568 2818 pressa
585 2748 700 2804 bibisset
717 2749 818 2818 aquas!

202 2835 289 2900 Ecce,
307 2833 378 2904 lugit
395 2839 542 2905 uotumque
559 2838 647 2888 torum
666 2835 810 2904 sociosque
827 2839 942 2902 penates

237 2920 408 2991 Fallacisque
427 2920 487 2976 uias
504 2921 543 2975 ire
561 2920 678 2976 Corinna
695 2925 783 2990 parat.
