<?xml version="1.0" encoding="UTF-8"?>
<!DOCTYPE html PUBLIC "-//W3C//DTD XHTML 1.0 Transitional//EN"
    "http://www.w3.org/TR/xhtml1/DTD/xhtml1-transitional.dtd">
<html xmlns="http://www.w3.org/1999/xhtml" xml:lang="en" lang="en">
 <head>
  <title>
</title>
<meta http-equiv="Content-Type" content="text/html;charset=utf-8" />
  <meta name='ocr-system' content='tesseract 3.04.00' />
  <meta name='ocr-capabilities' content='ocr_page ocr_carea ocr_par ocr_line ocrx_word'/>
</head>
<body>
  <div class='ocr_page' id='page_1' title='image "./povidiinasonisc00mlgoog_0105.png"; bbox 0 0 2375 3575; ppageno 0'>
   <div class='ocr_carea' id='block_1_1' title="bbox 446 440 950 501">
    <p class='ocr_par' dir='ltr' id='par_1_1' title="bbox 446 440 950 501">
     <span class='ocr_line' id='line_1_1' title="bbox 446 440 950 501; baseline -0.014 -2"><span class='ocrx_word' id='word_1_1' title='bbox 446 467 565 501; x_wconf 74' lang='lat' dir='ltr'><strong>nemnem</strong></span> <span class='ocrx_word' id='word_1_2' title='bbox 578 466 681 500; x_wconf 69' lang='lat' dir='ltr'><strong>enorme.</strong></span> <span class='ocrx_word' id='word_1_3' title='bbox 917 440 950 492; x_wconf 76' lang='lat'><strong>97</strong></span> 
     </span>
    </p>
   </div>
   <div class='ocr_carea' id='block_1_2' title="bbox 129 594 974 3041">
    <p class='ocr_par' dir='ltr' id='par_1_2' title="bbox 129 594 974 3041">
     <span class='ocr_line' id='line_1_2' title="bbox 179 594 956 667; baseline -0.006 -16"><span class='ocrx_word' id='word_1_4' title='bbox 179 597 236 652; x_wconf 86' lang='lat' dir='ltr'><strong>Sed</strong></span> <span class='ocrx_word' id='word_1_5' title='bbox 255 600 358 667; x_wconf 90' lang='lat' dir='ltr'><strong>quanto</strong></span> <span class='ocrx_word' id='word_1_6' title='bbox 377 597 465 650; x_wconf 91' lang='lat' dir='ltr'><strong>minus</strong></span> <span class='ocrx_word' id='word_1_7' title='bbox 484 596 522 650; x_wconf 92' lang='lat' dir='ltr'><strong>ire</strong></span> <span class='ocrx_word' id='word_1_8' title='bbox 540 594 629 659; x_wconf 88' lang='lat' dir='ltr'><strong>noles,</strong></span> <span class='ocrx_word' id='word_1_9' title='bbox 649 594 736 663; x_wconf 86' lang='lat' dir='ltr'><strong>magis</strong></span> <span class='ocrx_word' id='word_1_10' title='bbox 755 594 793 648; x_wconf 90' lang='lat' dir='ltr'><strong>ire</strong></span> <span class='ocrx_word' id='word_1_11' title='bbox 811 596 956 647; x_wconf 90' lang='lat' dir='ltr'><strong>memento.</strong></span> 
     </span>
     <span class='ocr_line' id='line_1_3' title="bbox 216 679 796 750; baseline -0.005 -15"><span class='ocrx_word' id='word_1_12' title='bbox 216 682 309 736; x_wconf 83' lang='lat' dir='ltr'><strong>Perfer</strong></span> <span class='ocrx_word' id='word_1_13' title='bbox 326 685 355 736; x_wconf 91' lang='lat' dir='ltr'><strong>et</strong></span> <span class='ocrx_word' id='word_1_14' title='bbox 371 681 472 736; x_wconf 90' lang='lat' dir='ltr'><strong>inuitos</strong></span> <span class='ocrx_word' id='word_1_15' title='bbox 492 695 599 735; x_wconf 88' lang='lat' dir='ltr'><strong>currere</strong></span> <span class='ocrx_word' id='word_1_16' title='bbox 617 696 684 749; x_wconf 87' lang='lat' dir='ltr'><strong>coge</strong></span> <span class='ocrx_word' id='word_1_17' title='bbox 703 679 796 750; x_wconf 89' lang='lat' dir='ltr'><strong>pedes.</strong></span> 
     </span>
     <span class='ocr_line' id='line_1_4' title="bbox 179 765 889 837; baseline -0.006 -16"><span class='ocrx_word' id='word_1_18' title='bbox 179 768 237 821; x_wconf 86' lang='lat' dir='ltr'><strong>Nec</strong></span> <span class='ocrx_word' id='word_1_19' title='bbox 255 766 363 837; x_wconf 85' lang='lat' dir='ltr'><strong>pluuias</strong></span> <span class='ocrx_word' id='word_1_20' title='bbox 382 770 459 835; x_wconf 84' lang='lat' dir='ltr'><strong>opta,</strong></span> <span class='ocrx_word' id='word_1_21' title='bbox 477 782 528 820; x_wconf 84' lang='lat' dir='ltr'><strong>nec</strong></span> <span class='ocrx_word' id='word_1_22' title='bbox 546 773 573 820; x_wconf 89' lang='lat' dir='ltr'><strong>te</strong></span> <span class='ocrx_word' id='word_1_23' title='bbox 591 765 734 834; x_wconf 86' lang='lat' dir='ltr'><strong>peregrina</strong></span> <span class='ocrx_word' id='word_1_24' title='bbox 752 770 889 820; x_wconf 82' lang='lat' dir='ltr'><strong>morentur</strong></span> 
     </span>
     <span class='ocr_line' id='line_1_5' title="bbox 131 849 798 916; baseline -0.001 -12"><span class='ocrx_word' id='word_1_25' title='bbox 131 864 164 904; x_wconf 78' lang='lat' dir='ltr'><strong>no</strong></span> <span class='ocrx_word' id='word_1_26' title='bbox 217 852 349 916; x_wconf 78' lang='lat' dir='ltr'><strong>Sabbata,</strong></span> <span class='ocrx_word' id='word_1_27' title='bbox 368 868 418 906; x_wconf 89' lang='lat' dir='ltr'><strong>nec</strong></span> <span class='ocrx_word' id='word_1_28' title='bbox 436 851 542 906; x_wconf 87' lang='lat' dir='ltr'><strong>damnis</strong></span> <span class='ocrx_word' id='word_1_29' title='bbox 560 850 631 905; x_wconf 82' lang='lat' dir='ltr'><strong>Allia</strong></span> <span class='ocrx_word' id='word_1_30' title='bbox 649 854 715 905; x_wconf 88' lang='lat' dir='ltr'><strong>nota</strong></span> <span class='ocrx_word' id='word_1_31' title='bbox 732 849 798 904; x_wconf 90' lang='lat' dir='ltr'><strong>suis.</strong></span> 
     </span>
     <span class='ocr_line' id='line_1_6' title="bbox 179 933 974 1007; baseline -0.008 -14"><span class='ocrx_word' id='word_1_32' title='bbox 179 939 237 993; x_wconf 86' lang='lat' dir='ltr'><strong>Nec</strong></span> <span class='ocrx_word' id='word_1_33' title='bbox 255 940 323 1007; x_wconf 85' lang='lat' dir='ltr'><strong>quot</strong></span> <span class='ocrx_word' id='word_1_34' title='bbox 339 936 479 991; x_wconf 86' lang='lat' dir='ltr'><strong>transieris</strong></span> <span class='ocrx_word' id='word_1_35' title='bbox 497 935 547 991; x_wconf 92' lang='lat' dir='ltr'><strong>sed</strong></span> <span class='ocrx_word' id='word_1_36' title='bbox 565 940 632 1006; x_wconf 88' lang='lat' dir='ltr'><strong>quot</strong></span> <span class='ocrx_word' id='word_1_37' title='bbox 650 935 698 990; x_wconf 92' lang='lat' dir='ltr'><strong>tibi</strong></span> <span class='ocrx_word' id='word_1_38' title='bbox 718 950 818 1005; x_wconf 88' lang='lat' dir='ltr'><strong>quaere</strong></span> <span class='ocrx_word' id='word_1_39' title='bbox 836 933 974 1004; x_wconf 80' lang='lat' dir='ltr'><strong>supersint</strong></span> 
     </span>
     <span class='ocr_line' id='line_1_7' title="bbox 216 1021 881 1091; baseline -0.003 -15"><span class='ocrx_word' id='word_1_40' title='bbox 216 1022 382 1087; x_wconf 67' lang='lat' dir='ltr'><strong>miliana,</strong></span> <span class='ocrx_word' id='word_1_41' title='bbox 400 1037 512 1076; x_wconf 89' lang='lat' dir='ltr'><strong>maneas</strong></span> <span class='ocrx_word' id='word_1_42' title='bbox 530 1026 560 1075; x_wconf 91' lang='lat' dir='ltr'><strong>ut</strong></span> <span class='ocrx_word' id='word_1_43' title='bbox 577 1038 676 1091; x_wconf 87' lang='lat' dir='ltr'><strong>prope,</strong></span> <span class='ocrx_word' id='word_1_44' title='bbox 694 1021 766 1089; x_wconf 87' lang='lat' dir='ltr'><strong>finge</strong></span> <span class='ocrx_word' id='word_1_45' title='bbox 784 1036 881 1085; x_wconf 87' lang='lat' dir='ltr'><strong>moras,</strong></span> 
     </span>
     <span class='ocr_line' id='line_1_8' title="bbox 180 1106 957 1177; baseline -0.005 -16"><span class='ocrx_word' id='word_1_46' title='bbox 180 1108 318 1177; x_wconf 82' lang='lat' dir='ltr'><strong>Tempora</strong></span> <span class='ocrx_word' id='word_1_47' title='bbox 336 1123 385 1160; x_wconf 89' lang='lat' dir='ltr'><strong>nec</strong></span> <span class='ocrx_word' id='word_1_48' title='bbox 404 1122 514 1160; x_wconf 89' lang='lat' dir='ltr'><strong>numera</strong></span> <span class='ocrx_word' id='word_1_49' title='bbox 532 1123 582 1161; x_wconf 89' lang='lat' dir='ltr'><strong>nec</strong></span> <span class='ocrx_word' id='word_1_50' title='bbox 600 1107 692 1161; x_wconf 91' lang='lat' dir='ltr'><strong>crebro</strong></span> <span class='ocrx_word' id='word_1_51' title='bbox 710 1106 815 1176; x_wconf 83' lang='lat' dir='ltr'><strong>respice</strong></span> <span class='ocrx_word' id='word_1_52' title='bbox 833 1106 957 1170; x_wconf 82' lang='lat' dir='ltr'><strong>Romam,</strong></span> 
     </span>
     <span class='ocr_line' id='line_1_9' title="bbox 217 1190 967 1261; baseline -0.005 -14"><span class='ocrx_word' id='word_1_53' title='bbox 217 1192 271 1247; x_wconf 88' lang='lat' dir='ltr'><strong>Sed</strong></span> <span class='ocrx_word' id='word_1_54' title='bbox 290 1191 362 1261; x_wconf 84' lang='lat' dir='ltr'><strong>fuge.</strong></span> <span class='ocrx_word' id='word_1_55' title='bbox 381 1195 457 1246; x_wconf 88' lang='lat' dir='ltr'><strong>tutus</strong></span> <span class='ocrx_word' id='word_1_56' title='bbox 476 1191 566 1246; x_wconf 90' lang='lat' dir='ltr'><strong>adhuc</strong></span> <span class='ocrx_word' id='word_1_57' title='bbox 582 1192 700 1246; x_wconf 89' lang='lat' dir='ltr'><strong>Parthus</strong></span> <span class='ocrx_word' id='word_1_58' title='bbox 718 1191 753 1246; x_wconf 90' lang='lat' dir='ltr'><strong>ab</strong></span> <span class='ocrx_word' id='word_1_59' title='bbox 770 1191 850 1246; x_wconf 89' lang='lat' dir='ltr'><strong>hoste</strong></span> <span class='ocrx_word' id='word_1_60' title='bbox 867 1190 967 1258; x_wconf 81' lang='lat' dir='ltr'><strong>fugast.</strong></span> 
     </span>
     <span class='ocr_line' id='line_1_10' title="bbox 130 1275 945 1347; baseline -0.002 -15"><span class='ocrx_word' id='word_1_61' title='bbox 130 1288 166 1327; x_wconf 72' lang='lat'><strong>22⁵</strong></span> <span class='ocrx_word' id='word_1_62' title='bbox 181 1278 259 1333; x_wconf 88' lang='lat' dir='ltr'><strong>Dura</strong></span> <span class='ocrx_word' id='word_1_63' title='bbox 277 1278 374 1347; x_wconf 87' lang='lat' dir='ltr'><strong>aliquis</strong></span> <span class='ocrx_word' id='word_1_64' title='bbox 392 1281 541 1347; x_wconf 88' lang='lat' dir='ltr'><strong>praecepta</strong></span> <span class='ocrx_word' id='word_1_65' title='bbox 558 1281 639 1331; x_wconf 84' lang='lat' dir='ltr'><strong>nocet</strong></span> <span class='ocrx_word' id='word_1_66' title='bbox 657 1294 724 1331; x_wconf 89' lang='lat' dir='ltr'><strong>mea.</strong></span> <span class='ocrx_word' id='word_1_67' title='bbox 744 1277 812 1331; x_wconf 89' lang='lat' dir='ltr'><strong>dura</strong></span> <span class='ocrx_word' id='word_1_68' title='bbox 829 1275 945 1330; x_wconf 84' lang='lat' dir='ltr'><strong>fatemur</strong></span> 
     </span>
     <span class='ocr_line' id='line_1_11' title="bbox 217 1361 874 1429; baseline 0 -14"><span class='ocrx_word' id='word_1_69' title='bbox 217 1362 295 1417; x_wconf 81' lang='lat' dir='ltr'><strong>Esse.</strong></span> <span class='ocrx_word' id='word_1_70' title='bbox 314 1362 362 1417; x_wconf 90' lang='lat' dir='ltr'><strong>sed</strong></span> <span class='ocrx_word' id='word_1_71' title='bbox 381 1366 412 1415; x_wconf 91' lang='lat' dir='ltr'><strong>ut</strong></span> <span class='ocrx_word' id='word_1_72' title='bbox 430 1362 537 1429; x_wconf 74' lang='lat' dir='ltr'><strong>ualens,</strong></span> <span class='ocrx_word' id='word_1_73' title='bbox 556 1361 642 1416; x_wconf 86' lang='lat' dir='ltr'><strong>multa</strong></span> <span class='ocrx_word' id='word_1_74' title='bbox 661 1362 778 1417; x_wconf 91' lang='lat' dir='ltr'><strong>dolenda</strong></span> <span class='ocrx_word' id='word_1_75' title='bbox 795 1362 874 1416; x_wconf 87' lang='lat' dir='ltr'><strong>feres.</strong></span> 
     </span>
     <span class='ocr_line' id='line_1_12' title="bbox 182 1447 860 1517; baseline 0 -15"><span class='ocrx_word' id='word_1_76' title='bbox 182 1449 273 1517; x_wconf 85' lang='lat' dir='ltr'><strong>Saepe</strong></span> <span class='ocrx_word' id='word_1_77' title='bbox 290 1447 345 1503; x_wconf 90' lang='lat' dir='ltr'>bibi</span> <span class='ocrx_word' id='word_1_78' title='bbox 362 1463 456 1512; x_wconf 87' lang='lat' dir='ltr'><strong>sucos,</strong></span> <span class='ocrx_word' id='word_1_79' title='bbox 476 1448 602 1517; x_wconf 89' lang='lat' dir='ltr'><strong>quamuis</strong></span> <span class='ocrx_word' id='word_1_80' title='bbox 619 1448 734 1512; x_wconf 89' lang='lat' dir='ltr'><strong>inuitus,</strong></span> <span class='ocrx_word' id='word_1_81' title='bbox 754 1464 860 1507; x_wconf 86' lang='lat' dir='ltr'><strong>amaros</strong></span> 
     </span>
     <span class='ocr_line' id='line_1_13' title="bbox 217 1532 793 1603; baseline 0 -16"><span class='ocrx_word' id='word_1_82' title='bbox 217 1536 318 1601; x_wconf 83' lang='lat' dir='ltr'><strong>Aeger,</strong></span> <span class='ocrx_word' id='word_1_83' title='bbox 337 1536 365 1587; x_wconf 91' lang='lat' dir='ltr'><strong>et</strong></span> <span class='ocrx_word' id='word_1_84' title='bbox 382 1532 470 1586; x_wconf 91' lang='lat' dir='ltr'><strong>oranti</strong></span> <span class='ocrx_word' id='word_1_85' title='bbox 489 1549 584 1587; x_wconf 88' lang='lat' dir='ltr'><strong>mensa</strong></span> <span class='ocrx_word' id='word_1_86' title='bbox 602 1538 703 1603; x_wconf 86' lang='lat' dir='ltr'><strong>negata</strong></span> <span class='ocrx_word' id='word_1_87' title='bbox 721 1534 793 1587; x_wconf 90' lang='lat' dir='ltr'><strong>mibi.</strong></span> 
     </span>
     <span class='ocr_line' id='line_1_14' title="bbox 182 1617 888 1689; baseline 0.003 -17"><span class='ocrx_word' id='word_1_88' title='bbox 182 1618 218 1673; x_wconf 89' lang='lat' dir='ltr'><strong>Vt</strong></span> <span class='ocrx_word' id='word_1_89' title='bbox 236 1634 335 1688; x_wconf 85' lang='lat' dir='ltr'><strong>corpus</strong></span> <span class='ocrx_word' id='word_1_90' title='bbox 353 1618 483 1682; x_wconf 83' lang='lat' dir='ltr'><strong>redimas,</strong></span> <span class='ocrx_word' id='word_1_91' title='bbox 502 1617 602 1672; x_wconf 88' lang='lat' dir='ltr'><strong>ferrum</strong></span> <span class='ocrx_word' id='word_1_92' title='bbox 620 1619 732 1688; x_wconf 90' lang='lat' dir='ltr'><strong>patieris</strong></span> <span class='ocrx_word' id='word_1_93' title='bbox 751 1623 779 1673; x_wconf 90' lang='lat' dir='ltr'><strong>et</strong></span> <span class='ocrx_word' id='word_1_94' title='bbox 796 1619 888 1689; x_wconf 84' lang='lat' dir='ltr'><strong>ignes,</strong></span> 
     </span>
     <span class='ocr_line' id='line_1_15' title="bbox 129 1703 772 1775; baseline 0.009 -24"><span class='ocrx_word' id='word_1_95' title='bbox 129 1713 168 1751; x_wconf 80' lang='lat' dir='ltr'><strong>mo</strong></span> <span class='ocrx_word' id='word_1_96' title='bbox 218 1703 302 1757; x_wconf 83' lang='lat' dir='ltr'><strong>Arida</strong></span> <span class='ocrx_word' id='word_1_97' title='bbox 319 1719 370 1757; x_wconf 86' lang='lat' dir='ltr'><strong>nec</strong></span> <span class='ocrx_word' id='word_1_98' title='bbox 387 1703 483 1758; x_wconf 88' lang='lat' dir='ltr'><strong>sitiens</strong></span> <span class='ocrx_word' id='word_1_99' title='bbox 501 1720 549 1757; x_wconf 93' lang='lat' dir='ltr'><strong>ora</strong></span> <span class='ocrx_word' id='word_1_100' title='bbox 566 1704 673 1759; x_wconf 89' lang='lat' dir='ltr'><strong>iuuabis</strong></span> <span class='ocrx_word' id='word_1_101' title='bbox 692 1721 772 1775; x_wconf 88' lang='lat' dir='ltr'><strong>aqna.</strong></span> 
     </span>
     <span class='ocr_line' id='line_1_16' title="bbox 183 1789 896 1860; baseline 0.001 -17"><span class='ocrx_word' id='word_1_102' title='bbox 183 1790 217 1843; x_wconf 82' lang='lat' dir='ltr'><strong>Vt</strong></span> <span class='ocrx_word' id='word_1_103' title='bbox 236 1789 330 1844; x_wconf 85' lang='lat' dir='ltr'><strong>ualeas</strong></span> <span class='ocrx_word' id='word_1_104' title='bbox 347 1789 451 1855; x_wconf 85' lang='lat' dir='ltr'><strong>animo,</strong></span> <span class='ocrx_word' id='word_1_105' title='bbox 469 1790 616 1860; x_wconf 80' lang='lat' dir='ltr'><strong>quicquam</strong></span> <span class='ocrx_word' id='word_1_106' title='bbox 632 1789 748 1845; x_wconf 86' lang='lat' dir='ltr'><strong>tolerare</strong></span> <span class='ocrx_word' id='word_1_107' title='bbox 767 1790 896 1860; x_wconf 80' lang='lat' dir='ltr'><strong>negabis?</strong></span> 
     </span>
     <span class='ocr_line' id='line_1_17' title="bbox 217 1873 901 1945; baseline 0 -17"><span class='ocrx_word' id='word_1_108' title='bbox 217 1876 254 1928; x_wconf 88' lang='lat' dir='ltr'><strong>At</strong></span> <span class='ocrx_word' id='word_1_109' title='bbox 271 1873 388 1945; x_wconf 89' lang='lat' dir='ltr'><strong>pretium</strong></span> <span class='ocrx_word' id='word_1_110' title='bbox 405 1891 470 1944; x_wconf 87' lang='lat' dir='ltr'><strong>pare</strong></span> <span class='ocrx_word' id='word_1_111' title='bbox 489 1874 556 1930; x_wconf 89' lang='lat' dir='ltr'><strong>baec</strong></span> <span class='ocrx_word' id='word_1_112' title='bbox 574 1891 688 1944; x_wconf 88' lang='lat' dir='ltr'><strong>corpore</strong></span> <span class='ocrx_word' id='word_1_113' title='bbox 706 1875 792 1930; x_wconf 88' lang='lat' dir='ltr'><strong>maius</strong></span> <span class='ocrx_word' id='word_1_114' title='bbox 811 1876 901 1931; x_wconf 89' lang='lat' dir='ltr'><strong>babet.</strong></span> 
     </span>
     <span class='ocr_line' id='line_1_18' title="bbox 183 1959 908 2030; baseline 0.003 -17"><span class='ocrx_word' id='word_1_115' title='bbox 183 1960 239 2014; x_wconf 69' lang='lat' dir='ltr'><strong>Sed</strong></span> <span class='ocrx_word' id='word_1_116' title='bbox 256 1964 347 2014; x_wconf 88' lang='lat' dir='ltr'><strong>tamen</strong></span> <span class='ocrx_word' id='word_1_117' title='bbox 366 1964 409 2014; x_wconf 90' lang='lat' dir='ltr'><strong>est</strong></span> <span class='ocrx_word' id='word_1_118' title='bbox 426 1959 493 2014; x_wconf 88' lang='lat' dir='ltr'><strong>artie</strong></span> <span class='ocrx_word' id='word_1_119' title='bbox 510 1960 668 2015; x_wconf 89' lang='lat' dir='ltr'><strong>tristissima</strong></span> <span class='ocrx_word' id='word_1_120' title='bbox 685 1960 768 2015; x_wconf 88' lang='lat' dir='ltr'><strong>ianua</strong></span> <span class='ocrx_word' id='word_1_121' title='bbox 785 1965 908 2030; x_wconf 89' lang='lat' dir='ltr'><strong>nostrae,</strong></span> 
     </span>
     <span class='ocr_line' id='line_1_19' title="bbox 219 2044 826 2116; baseline 0.002 -18"><span class='ocrx_word' id='word_1_122' title='bbox 219 2045 255 2099; x_wconf 83' lang='lat' dir='ltr'><strong>Et</strong></span> <span class='ocrx_word' id='word_1_123' title='bbox 271 2044 348 2099; x_wconf 92' lang='lat' dir='ltr'><strong>labor</strong></span> <span class='ocrx_word' id='word_1_124' title='bbox 366 2049 408 2099; x_wconf 91' lang='lat' dir='ltr'><strong>est</strong></span> <span class='ocrx_word' id='word_1_125' title='bbox 428 2061 496 2100; x_wconf 90' lang='lat' dir='ltr'><strong>unus</strong></span> <span class='ocrx_word' id='word_1_126' title='bbox 514 2052 639 2114; x_wconf 89' lang='lat' dir='ltr'><strong>tempora</strong></span> <span class='ocrx_word' id='word_1_127' title='bbox 656 2046 743 2115; x_wconf 88' lang='lat' dir='ltr'><strong>prima</strong></span> <span class='ocrx_word' id='word_1_128' title='bbox 760 2047 826 2116; x_wconf 86' lang='lat' dir='ltr'><strong>pati.</strong></span> 
     </span>
     <span class='ocr_line' id='line_1_20' title="bbox 129 2130 933 2201; baseline 0 -16"><span class='ocrx_word' id='word_1_129' title='bbox 129 2138 169 2177; x_wconf 77' lang='lat'><strong>23⁵</strong></span> <span class='ocrx_word' id='word_1_130' title='bbox 183 2130 305 2200; x_wconf 81' lang='lat' dir='ltr'><strong>Aspicis,</strong></span> <span class='ocrx_word' id='word_1_131' title='bbox 324 2133 355 2184; x_wconf 91' lang='lat' dir='ltr'><strong>ut</strong></span> <span class='ocrx_word' id='word_1_132' title='bbox 373 2146 487 2199; x_wconf 88' lang='lat' dir='ltr'><strong>prensos</strong></span> <span class='ocrx_word' id='word_1_133' title='bbox 505 2135 586 2184; x_wconf 87' lang='lat' dir='ltr'><strong>urant</strong></span> <span class='ocrx_word' id='word_1_134' title='bbox 603 2131 669 2199; x_wconf 85' lang='lat' dir='ltr'><strong>iuga</strong></span> <span class='ocrx_word' id='word_1_135' title='bbox 688 2131 773 2201; x_wconf 86' lang='lat' dir='ltr'><strong>prima</strong></span> <span class='ocrx_word' id='word_1_136' title='bbox 790 2131 933 2196; x_wconf 87' lang='lat' dir='ltr'><strong>iuuencos,</strong></span> 
     </span>
     <span class='ocr_line' id='line_1_21' title="bbox 219 2215 854 2287; baseline 0.002 -18"><span class='ocrx_word' id='word_1_137' title='bbox 219 2215 255 2269; x_wconf 88' lang='lat' dir='ltr'><strong>Et</strong></span> <span class='ocrx_word' id='word_1_138' title='bbox 271 2231 344 2269; x_wconf 86' lang='lat' dir='ltr'><strong>noua</strong></span> <span class='ocrx_word' id='word_1_139' title='bbox 361 2215 484 2270; x_wconf 89' lang='lat' dir='ltr'><strong>nelocem</strong></span> <span class='ocrx_word' id='word_1_140' title='bbox 501 2215 611 2286; x_wconf 84' lang='lat' dir='ltr'><strong>cingula</strong></span> <span class='ocrx_word' id='word_1_141' title='bbox 627 2215 719 2271; x_wconf 83' lang='lat' dir='ltr'><strong>laedat</strong></span> <span class='ocrx_word' id='word_1_142' title='bbox 737 2216 854 2287; x_wconf 80' lang='lat' dir='ltr'><strong>equum?</strong></span> 
     </span>
     <span class='ocr_line' id='line_1_22' title="bbox 181 2299 841 2371; baseline 0.003 -17"><span class='ocrx_word' id='word_1_143' title='bbox 181 2301 310 2355; x_wconf 83' lang='lat' dir='ltr'><strong>Forsitan</strong></span> <span class='ocrx_word' id='word_1_144' title='bbox 329 2317 346 2354; x_wconf 90' lang='lat' dir='ltr'><strong>a</strong></span> <span class='ocrx_word' id='word_1_145' title='bbox 362 2299 463 2355; x_wconf 88' lang='lat' dir='ltr'><strong>laribus</strong></span> <span class='ocrx_word' id='word_1_146' title='bbox 481 2300 577 2370; x_wconf 89' lang='lat' dir='ltr'><strong>patriis</strong></span> <span class='ocrx_word' id='word_1_147' title='bbox 596 2300 669 2355; x_wconf 83' lang='lat' dir='ltr'><strong>exire</strong></span> <span class='ocrx_word' id='word_1_148' title='bbox 686 2301 790 2371; x_wconf 82' lang='lat' dir='ltr'><strong>pigebit</strong></span> <span class='ocrx_word' id='word_1_149' title='bbox 808 2332 841 2340; x_wconf 93' lang='lat'>-</span> 
     </span>
     <span class='ocr_line' id='line_1_23' title="bbox 219 2385 879 2452; baseline 0.002 -12"><span class='ocrx_word' id='word_1_150' title='bbox 219 2386 272 2441; x_wconf 85' lang='lat' dir='ltr'><strong>Sed</strong></span> <span class='ocrx_word' id='word_1_151' title='bbox 290 2390 383 2439; x_wconf 85' lang='lat' dir='ltr'><strong>tamen</strong></span> <span class='ocrx_word' id='word_1_152' title='bbox 400 2385 485 2440; x_wconf 79' lang='lat' dir='ltr'><strong>exibis</strong></span> <span class='ocrx_word' id='word_1_153' title='bbox 503 2417 548 2452; x_wconf 89' lang='lat'><strong>-,</strong></span> <span class='ocrx_word' id='word_1_154' title='bbox 568 2386 666 2441; x_wconf 90' lang='lat' dir='ltr'><strong>deinde</strong></span> <span class='ocrx_word' id='word_1_155' title='bbox 683 2387 771 2440; x_wconf 91' lang='lat' dir='ltr'><strong>redire</strong></span> <span class='ocrx_word' id='word_1_156' title='bbox 789 2385 879 2451; x_wconf 91' lang='lat' dir='ltr'><strong>uoles,</strong></span> 
     </span>
     <span class='ocr_line' id='line_1_24' title="bbox 184 2470 936 2541; baseline 0.001 -16"><span class='ocrx_word' id='word_1_157' title='bbox 184 2470 240 2525; x_wconf 87' lang='lat' dir='ltr'><strong>Nec</strong></span> <span class='ocrx_word' id='word_1_158' title='bbox 257 2475 285 2524; x_wconf 91' lang='lat' dir='ltr'><strong>te</strong></span> <span class='ocrx_word' id='word_1_159' title='bbox 302 2470 356 2524; x_wconf 86' lang='lat' dir='ltr'><strong>Lar</strong></span> <span class='ocrx_word' id='word_1_160' title='bbox 373 2471 478 2541; x_wconf 82' lang='lat' dir='ltr'><strong>patrius</strong></span> <span class='ocrx_word' id='word_1_161' title='bbox 496 2470 545 2525; x_wconf 91' lang='lat' dir='ltr'><strong>sed</strong></span> <span class='ocrx_word' id='word_1_162' title='bbox 563 2487 640 2526; x_wconf 87' lang='lat' dir='ltr'><strong>amor</strong></span> <span class='ocrx_word' id='word_1_163' title='bbox 656 2471 797 2527; x_wconf 84' lang='lat' dir='ltr'><strong>reuocabit</strong></span> <span class='ocrx_word' id='word_1_164' title='bbox 814 2471 936 2538; x_wconf 85' lang='lat' dir='ltr'><strong>amicae,</strong></span> 
     </span>
     <span class='ocr_line' id='line_1_25' title="bbox 132 2555 868 2625; baseline 0.001 -14"><span class='ocrx_word' id='word_1_165' title='bbox 132 2562 171 2601; x_wconf 72' lang='lat'><strong>²⁴⁰</strong></span> <span class='ocrx_word' id='word_1_166' title='bbox 218 2555 403 2611; x_wconf 88' lang='lat' dir='ltr'><strong>Praetendens</strong></span> <span class='ocrx_word' id='word_1_167' title='bbox 421 2555 518 2625; x_wconf 85' lang='lat' dir='ltr'><strong>cnlpae</strong></span> <span class='ocrx_word' id='word_1_168' title='bbox 534 2555 680 2625; x_wconf 87' lang='lat' dir='ltr'><strong>splendida</strong></span> <span class='ocrx_word' id='word_1_169' title='bbox 696 2557 780 2612; x_wconf 88' lang='lat' dir='ltr'><strong>uerba</strong></span> <span class='ocrx_word' id='word_1_170' title='bbox 796 2561 868 2612; x_wconf 86' lang='lat' dir='ltr'><strong>tuae.</strong></span> 
     </span>
     <span class='ocr_line' id='line_1_26' title="bbox 185 2640 830 2705; baseline 0 -9"><span class='ocrx_word' id='word_1_171' title='bbox 185 2641 254 2696; x_wconf 81' lang='lat' dir='ltr'><strong>Cum</strong></span> <span class='ocrx_word' id='word_1_172' title='bbox 273 2640 357 2696; x_wconf 87' lang='lat' dir='ltr'><strong>semel</strong></span> <span class='ocrx_word' id='word_1_173' title='bbox 375 2640 485 2705; x_wconf 84' lang='lat' dir='ltr'><strong>exieris,</strong></span> <span class='ocrx_word' id='word_1_174' title='bbox 504 2646 613 2696; x_wconf 90' lang='lat' dir='ltr'><strong>centnm</strong></span> <span class='ocrx_word' id='word_1_175' title='bbox 631 2641 730 2697; x_wconf 88' lang='lat' dir='ltr'><strong>solatia</strong></span> <span class='ocrx_word' id='word_1_176' title='bbox 748 2658 830 2697; x_wconf 88' lang='lat' dir='ltr'><strong>curae</strong></span> 
     </span>
     <span class='ocr_line' id='line_1_27' title="bbox 219 2725 809 2797; baseline 0.003 -17"><span class='ocrx_word' id='word_1_177' title='bbox 219 2725 319 2781; x_wconf 84' lang='lat' dir='ltr'><strong>Etrus</strong></span> <span class='ocrx_word' id='word_1_178' title='bbox 339 2729 366 2780; x_wconf 92' lang='lat' dir='ltr'><strong>et</strong></span> <span class='ocrx_word' id='word_1_179' title='bbox 384 2725 497 2781; x_wconf 80' lang='lat' dir='ltr'><strong>comites</strong></span> <span class='ocrx_word' id='word_1_180' title='bbox 515 2731 543 2781; x_wconf 93' lang='lat' dir='ltr'><strong>et</strong></span> <span class='ocrx_word' id='word_1_181' title='bbox 560 2727 608 2781; x_wconf 88' lang='lat' dir='ltr'><strong>uia</strong></span> <span class='ocrx_word' id='word_1_182' title='bbox 624 2726 707 2797; x_wconf 84' lang='lat' dir='ltr'><strong>longa</strong></span> <span class='ocrx_word' id='word_1_183' title='bbox 725 2726 809 2782; x_wconf 69' lang='lat' dir='ltr'><strong>dabit,</strong></span> 
     </span>
     <span class='ocr_line' id='line_1_28' title="bbox 185 2811 909 2881; baseline 0.003 -15"><span class='ocrx_word' id='word_1_184' title='bbox 185 2812 241 2867; x_wconf 75' lang='lat' dir='ltr'><strong>bec</strong></span> <span class='ocrx_word' id='word_1_185' title='bbox 258 2811 326 2867; x_wconf 86' lang='lat' dir='ltr'><strong>satis</strong></span> <span class='ocrx_word' id='word_1_186' title='bbox 345 2827 407 2866; x_wconf 86' lang='lat' dir='ltr'><strong>esee</strong></span> <span class='ocrx_word' id='word_1_187' title='bbox 424 2815 505 2881; x_wconf 88' lang='lat' dir='ltr'><strong>putes</strong></span> <span class='ocrx_word' id='word_1_188' title='bbox 524 2811 673 2867; x_wconf 89' lang='lat' dir='ltr'><strong>discedere.</strong></span> <span class='ocrx_word' id='word_1_189' title='bbox 691 2811 781 2867; x_wconf 85' lang='lat' dir='ltr'><strong>lentus</strong></span> <span class='ocrx_word' id='word_1_190' title='bbox 799 2813 909 2878; x_wconf 81' lang='lat' dir='ltr'><strong>abesto,</strong></span> 
     </span>
     <span class='ocr_line' id='line_1_29' title="bbox 219 2895 858 2967; baseline 0.003 -17"><span class='ocrx_word' id='word_1_191' title='bbox 219 2896 292 2951; x_wconf 91' lang='lat' dir='ltr'><strong>Dum</strong></span> <span class='ocrx_word' id='word_1_192' title='bbox 311 2896 408 2966; x_wconf 85' lang='lat' dir='ltr'><strong>perdat</strong></span> <span class='ocrx_word' id='word_1_193' title='bbox 425 2896 497 2951; x_wconf 88' lang='lat' dir='ltr'><strong>uires</strong></span> <span class='ocrx_word' id='word_1_194' title='bbox 515 2895 606 2967; x_wconf 89' lang='lat' dir='ltr'><strong>sitque</strong></span> <span class='ocrx_word' id='word_1_195' title='bbox 624 2898 683 2952; x_wconf 88' lang='lat' dir='ltr'><strong>sine</strong></span> <span class='ocrx_word' id='word_1_196' title='bbox 700 2898 764 2966; x_wconf 86' lang='lat' dir='ltr'><strong>igne</strong></span> <span class='ocrx_word' id='word_1_197' title='bbox 782 2897 858 2953; x_wconf 86' lang='lat' dir='ltr'><strong>cinis.</strong></span> 
     </span>
     <span class='ocr_line' id='line_1_30' title="bbox 840 3003 852 3041; baseline 0 0"><span class='ocrx_word' id='word_1_198' title='bbox 840 3003 852 3041; x_wconf 74' lang='lat' dir='ltr'><strong>a</strong></span> 
     </span>
    </p>
   </div>
   <div class='ocr_carea' id='block_1_3' title="bbox 0 0 1192 3575">
    <p class='ocr_par' dir='ltr' id='par_1_3' title="bbox 0 0 1192 3575">
     <span class='ocr_line' id='line_1_31' title="bbox 0 0 1192 3575; baseline 0 2"><span class='ocrx_word' id='word_1_199' title='bbox 0 0 1192 3575; x_wconf 95' lang='lat' dir='ltr'><strong> </strong></span> 
     </span>
    </p>
   </div>
  </div>
 </body>
</html>
