2375 3575
498 479 608 513 AMORES.

502 659 604 724 Vllll.

169 776 315 831 Memnona
332 776 354 831 si
374 780 472 843 mater,
491 783 577 831 mater
596 778 714 847 plorauit
731 777 875 841 Achillem,

204 862 239 916 Et
257 867 373 932 tangunt
391 878 504 931 magnas
521 863 612 917 tristia
630 863 686 916 fata
705 864 784 928 deas,

168 946 280 1002 Flebilis
297 946 436 1015 indignos,
455 947 578 1016 Elegeia,
598 948 674 1002 solue
693 946 814 1016 capillos

205 1033 237 1095 Α,
257 1032 335 1087 nimis
354 1049 388 1086 ex
407 1048 471 1087 uero
490 1050 562 1087 nunc
579 1033 628 1087 tibi
648 1049 744 1087 nomen
764 1032 827 1086 erit!

170 1116 219 1172 llle
236 1118 277 1171 tui
295 1122 373 1172 uates
392 1118 495 1187 operis,
513 1123 563 1172 tua
580 1118 665 1183 faura,
685 1116 807 1171 Tibullus

205 1202 290 1257 Ardet
307 1202 334 1257 in
352 1208 488 1269 extructo,
506 1219 606 1273 corpus
624 1203 716 1267 inane,
735 1218 810 1270 rogo.

168 1288 254 1353 Ecce,
273 1304 341 1357 puer
360 1288 469 1342 Veneris
487 1287 541 1342 fert
558 1303 737 1357 euersamque
756 1286 909 1354 pharetram

204 1372 241 1426 Et
258 1374 360 1427 tractos
379 1389 458 1427 arcus
477 1378 504 1427 et
522 1374 581 1427 sine
599 1372 660 1427 luoe
677 1372 774 1425 facem.

168 1458 284 1527 Aspice,
302 1458 428 1512 demissis
447 1464 477 1511 ut
494 1463 540 1513 eat
556 1457 718 1512 miserabilis
736 1457 786 1511 alis

204 1542 374 1612 Pectoraque
392 1543 492 1597 intesta
509 1544 607 1614 tundat
625 1546 721 1612 aperta
738 1559 828 1596 manu.

169 1628 316 1696 Excipiunt
334 1628 460 1682 lacrimas
478 1628 567 1697 sparsi
586 1644 634 1695 per
653 1627 723 1682 colla
740 1626 845 1696 capilli,

206 1713 314 1782 Oraque
332 1713 453 1781 singultu
471 1714 644 1768 concutiente
662 1718 769 1768 sonant.

169 1799 275 1854 Fratris
287 1799 319 1852 ¹in
340 1802 448 1853 Aeneae
467 1800 508 1854 sic
525 1799 601 1853 illum
619 1800 713 1853 funere
732 1799 826 1852 dicunt

205 1883 352 1952 Egressum
371 1885 463 1949 tectis,
482 1885 594 1954 pulcher
613 1883 681 1949 lule,
700 1885 763 1938 tuis,

169 1969 226 2035 Nec
245 1969 332 2023 minus
351 1974 393 2024 est
411 1969 525 2025 confusa
544 1970 635 2024 Venus
654 1969 785 2022 moriente
802 1967 921 2032 Tibullo,

205 2053 293 2121 Quam
311 2055 402 2109 iuueni
419 2056 491 2124 rupit
509 2073 569 2109 cum
587 2055 662 2109 ierus
680 2055 780 2121 inguen
799 2069 871 2123 aper.

170 2141 207 2194 At
225 2140 295 2194 sacri
314 2145 391 2194 uates
410 2145 437 2194 et
455 2140 548 2194 cliuum
566 2157 632 2194 cura
650 2149 786 2194 uocamur.

205 2223 276 2279 Sunt
294 2225 388 2291 etiam,
408 2226 454 2296 qui
474 2242 524 2280 nos
542 2242 642 2278 numen
661 2225 760 2279 habere
780 2228 884 2293 putent.

169 2310 281 2366 Scilicet
298 2326 378 2364 omne
397 2326 503 2364 sacrum
523 2327 595 2364 mors
614 2311 760 2379 inportuna
778 2309 912 2378 profanat.

206 2395 337 2450 Omnibus
356 2396 487 2450 obscuras
506 2395 582 2449 inicit
599 2395 646 2449 illa
663 2412 768 2449 manus.

171 2480 242 2548 Quid
260 2485 339 2550 pater
357 2481 477 2546 Ismario,
497 2481 562 2551 quid
582 2484 668 2534 mater
685 2481 788 2550 profuit
805 2479 931 2549 Orpheo?

205 2565 331 2638 Carmine
350 2566 414 2635 quid
434 2567 522 2620 uictas
540 2567 690 2620 obticuisse
707 2565 798 2620 feras?

170 2650 284 2705 Aelinon
303 2651 331 2705 in
350 2651 426 2705 siluis
443 2651 514 2705 idem
534 2656 623 2720 pater,
643 2651 757 2705 Aelinon
776 2650 838 2704 altis

205 2736 310 2790 Dicitur
328 2735 414 2790 inuita
432 2737 603 2791 concinuisse
621 2736 686 2807 lyra.

171 2823 255 2879 Adice
272 2821 448 2886 Maeoniden,
467 2839 484 2875 a
502 2837 557 2891 quo
576 2837 625 2876 ceu
644 2822 718 2876 sonte
738 2820 849 2891 perenni

204 2910 304 2964 Vatum
322 2906 416 2961 Pieriis
435 2923 484 2960 ora
501 2906 624 2974 rigantur
642 2907 729 2977 aquis.
