2375 3575
256 439 303 492 112
517 463 637 498 0111111011
650 462 753 497 lucare.

253 591 288 645 Et
305 607 383 646 soror
401 596 428 646 ct
445 596 532 647 mater
549 592 660 647 ualeant
678 597 706 647 et
724 592 835 648 conscia
853 593 947 647 nutrix

289 677 323 730 Et
341 677 465 748 quisquis
484 677 610 732 dominae
627 694 692 748 pars
711 678 762 732 crit
779 676 836 731 ulla
853 681 928 732 tuae.

253 764 308 817 Nec
325 763 418 816 ueniat
436 778 544 826 seruus,
564 778 615 816 nec
633 763 701 818 liene
720 761 848 817 ancillula
865 762 964 817 lictum

203 864 240 902 040
288 847 452 918 Suppliciter
470 847 596 902 dominae
615 848 722 902 numine
741 847 814 901 dicat
831 848 913 903 haue.

253 934 320 999 Nec,
340 934 363 988 si
381 933 451 987 scire
470 932 558 999 uoles,
577 933 643 1002 quid
661 936 726 1002 agat
743 936 834 987 tamen
853 932 902 987 illa
919 933 1034 1002 rogabis.

287 1019 390 1073 Perfer!
410 1018 461 1073 erit
477 1017 552 1072 lucro
569 1017 664 1087 lingua
680 1022 787 1072 retenta
804 1023 860 1072 tuo.

254 1104 295 1158 Tu
314 1119 436 1174 quoque,
456 1104 502 1173 qui
520 1120 632 1158 causum
649 1103 721 1157 liniti
739 1102 831 1157 reddis
850 1103 965 1169 amoris,

288 1189 383 1259 Deque
401 1192 451 1242 tua
468 1189 578 1243 domina
596 1188 682 1243 multa
700 1188 840 1270 querenda
857 1188 944 1243 refers

203 1288 239 1326 015
254 1274 338 1328 Parce
357 1274 440 1344 queri.
459 1274 555 1328 melius
573 1274 614 1328 sic
632 1274 763 1328 ulciscere
779 1273 913 1339 tacendo,

286 1359 358 1414 Dum
376 1359 517 1414 desideriis
536 1358 631 1413 effluat
647 1358 693 1413 illa
711 1359 773 1413 tuis.

253 1444 288 1498 Et
305 1444 397 1498 malim
413 1448 507 1499 taceas
526 1460 608 1514 quam
626 1449 654 1498 ta
673 1445 777 1499 desisse
795 1443 927 1514 loquaris.

288 1529 339 1596 Qui
357 1530 467 1583 nimium
486 1530 577 1584 multis
597 1536 659 1583 ‘nen
678 1530 748 1583 amc’
766 1528 844 1594 dicit,
863 1532 947 1584 amat.

255 1615 309 1671 Sed
327 1614 436 1669 meliore
454 1614 510 1668 fide
528 1614 660 1684 paulatim
679 1614 844 1683 extinguitur
861 1614 946 1685 ignis,

203 1714 241 1753 050
288 1700 374 1767 Quam
393 1699 492 1754 subite.
511 1698 585 1753 lente
603 1699 708 1765 desine,
727 1703 803 1754 tutus
822 1699 884 1754 eris.

254 1784 377 1840 Flumine
395 1790 528 1855 perpetuo
547 1791 653 1840 torrens
672 1784 743 1840 solet
760 1784 851 1840 acrius
868 1785 921 1851 ire,⁴
1032 1854 1037 1861 ι

289 1871 344 1926 Sed
361 1874 453 1925 tamen
471 1871 540 1924 haec
559 1870 648 1925 breuis
668 1874 721 1936 est,
740 1870 786 1924 illa
804 1870 933 1940 perennis
950 1886 1030 1941 aqua

254 1956 343 2010 Fallat
360 1955 432 2009 etin
450 1958 546 2009 tenues
565 1955 698 2010 euanidus
717 1958 796 2010 exeat
814 1971 896 2010 auras

287 2041 393 2110 Perque
410 2041 511 2109 gradus
530 2039 625 2094 melles
644 2041 791 2094 emoriatur
809 2056 893 2094 amur.

203 2140 241 2177 055
255 2126 308 2180 Sed
327 2126 407 2180 medo
426 2126 551 2181 dilectam
570 2124 661 2180 scelus
680 2128 722 2180 est
739 2125 831 2180 edisse
849 2125 978 2195 puellam.

257 2260 260 2265 .
287 2211 383 2265 Exitus
401 2210 517 2281 ingeniis
536 2212 664 2265 conuenit
681 2211 734 2265 iste
752 2210 824 2264 leris.

253 2295 312 2350 Non
331 2312 425 2350 curare
443 2299 487 2351 sat
505 2300 554 2350 est.
574 2295 637 2350 odic
656 2296 702 2366 qui
720 2295 781 2349 linit
799 2311 932 2362 amorem,

288 2384 344 2435 Aut
361 2385 435 2435 amat
452 2386 501 2435 aut
518 2397 599 2450 aegre
618 2381 724 2435 desinet
742 2397 802 2436 esse
821 2380 912 2435 miser.

254 2466 344 2535 Turpe
362 2467 404 2521 uir
422 2470 449 2521 et
465 2466 561 2520 mulier
578 2466 665 2520 iuncti
682 2465 762 2519 mndc
781 2466 906 2535 protinus
924 2466 1027 2521 hostes

203 2563 242 2602 ccc
290 2550 349 2605 Non
366 2551 428 2606 illas
446 2551 508 2606 litas
521 2551 631 2621 -Appias
649 2551 711 2621 ipsa
728 2551 834 2621 probat.

255 2637 343 2705 Saepe
360 2652 422 2691 reas
439 2636 543 2691 faciunt
561 2640 589 2690 et
606 2640 706 2690 amant.
726 2636 771 2691 ubi
790 2635 864 2690 nulla
881 2635 1008 2693 simultas

288 2721 397 2787 Incidit,
417 2721 556 2775 admonitu
574 2721 641 2776 liber
659 2722 768 2776 aberrat
785 2737 868 2775 amor.

254 2807 335 2860 Forte
353 2807 462 2861 aderam
481 2805 581 2860 iuueni.
601 2806 738 2861 dominam
755 2805 852 2861 lectica
869 2806 991 2862 tenebat

288 2891 442 2946 Horrebant
459 2891 549 2947 saeuis
568 2891 660 2946 omnia
677 2892 762 2946 uerba
778 2891 866 2945 minis.
