2375 3575
247 471 294 526 168
571 497 680 530 anonas.

278 625 308 678 Iu
327 641 392 694 qua,
412 631 638 695 quaecumquest‚
658 626 789 695 sanguine
807 626 910 695 praeda
928 632 1008 681 earet.

244 710 303 764 Non
320 710 435 765 humiles
454 710 534 776 muri,
551 727 606 765 nou
624 711 717 781 paruis
735 711 838 781 oppida
854 710 938 767 fossis

279 795 387 862 (Incia,
406 796 454 850 sed
473 801 516 850 est
533 795 616 849 ductu
636 802 717 866 capta
734 796 827 866 puella
843 812 912 852 mco.

244 880 376 950 Pergama
393 896 455 934 cum
472 880 601 936 caderent
617 880 687 936 bello
705 886 834 951 superata
851 882 959 938 bilustri
965 902 974 948 ,·

209 979 231 1018 1o
279 965 319 1020 Ex
336 969 378 1020 tot
395 965 424 1019 in
440 965 543 1020 Atridis
561 981 626 1035 pars
645 972 730 1036 quota
747 966 835 1022 laudis
854 968 931 1022 erat?

244 1052 280 1106 At
298 1067 359 1104 mea
376 1051 525 1120 sepositast
543 1056 570 1105 et
587 1051 622 1106 ab
641 1052 712 1106 emni
730 1051 814 1106 milite
833 1052 938 1108 dissors

279 1136 382 1199 Gloria,
401 1151 451 1190 nee
468 1136 575 1191 titulum
593 1137 712 1191 muneris
730 1136 798 1192 alter
816 1137 907 1192 habet.

183 1248 193 1264 ⁴
243 1222 286 1276 Me
305 1222 373 1276 duce
392 1221 426 1275 ad
444 1221 514 1276 hanc
531 1221 589 1275 uoti
606 1221 699 1288 finem,
716 1237 760 1275 me
778 1221 861 1277 milite
880 1223 952 1277 ueni,

278 1308 340 1378 Ipse
359 1323 453 1378 eques,
472 1307 532 1377 ipse
550 1307 646 1376 pedes,
666 1307 778 1375 signifer
794 1307 855 1377 ipse
872 1307 920 1362 fui.

208 1405 231 1442 15
244 1394 299 1448 Nec
317 1409 409 1447 casum
428 1390 537 1446 fortuna
555 1392 622 1446 meis
640 1392 777 1446 inmiscuit
795 1392 873 1447 actis.

278 1477 339 1532 Huc
357 1477 433 1543 ades,
454 1494 470 1531 o
489 1494 553 1531 cura
569 1481 648 1546 parte
666 1477 800 1547 triumphe
818 1480 892 1532 mea!

244 1564 299 1619 Nec
316 1562 407 1619 beIIIst
425 1579 497 1618 noua
514 1578 599 1617 causa
617 1563 676 1617 mei.
695 1562 748 1617 nisi
764 1568 844 1633 rapta
861 1562 961 1620 fuisset

278 1648 420 1720 Tyndaris,
438 1647 563 1717 Europae
580 1665 635 1717 pax
653 1647 788 1717 Asiaeque
806 1648 885 1703 feret.

244 1734 357 1790 Femina
374 1733 507 1789 siluestris
524 1732 657 1804 Lapithas
675 1732 859 1805 populumque
877 1734 1019 1791 biformem

207 1829 232 1869 20
279 1820 404 1890 Turpiter
422 1820 548 1891 adposIto
566 1819 648 1873 uertit
665 1819 693 1873 in
711 1836 786 1873 arma
803 1836 886 1874 mero.

246 1906 356 1961 Femina
374 1905 505 1960 Troianos
522 1906 619 1959 iterum
638 1921 710 1959 noua
726 1903 798 1959 bella
815 1922 926 1961 mouere

278 1990 389 2062 Impulit
405 1990 433 2044 in
451 2006 542 2059 regno,
561 1990 633 2045 iuste
651 1989 758 2055 Latiae,
775 1994 831 2045 tuo.
893 1989 898 1996 '

245 2077 356 2133 Femina
373 2076 502 2131 Romanis
520 2075 602 2130 etiam
620 2092 693 2130 nnnc
710 2075 776 2131 urbe
793 2076 896 2131 recenti

279 2162 383 2217 Inmisit
400 2177 511 2216 soceros
529 2176 659 2230 armaque
677 2177 762 2216 saeua
778 2161 861 2216 dedit.

206 2252 231 2293 ²⁵
245 2249 304 2303 Vidi
324 2263 374 2317 ego
391 2263 441 2316 pro
460 2246 540 2301 niuea
557 2256 713 2316 pugnantes
731 2247 846 2316 coniuge
864 2251 971 2313 tauros,

279 2332 431 2404 Spectatrix
449 2333 553 2387 anImos
570 2332 634 2403 ipsa
650 2334 766 2387 iuuenca
782 2332 873 2387 dabat

245 2421 287 2475 Me
305 2433 425 2490 quoqne,
445 2418 492 2488 qui
509 2418 617 2483 multos,
636 2418 685 2473 sed
702 2434 746 2472 me
763 2418 821 2473 sine
839 2418 938 2485 caede,
956 2419 1059 2489 Cupido

278 2506 362 2561 Iussit
379 2504 489 2559 militiae
508 2504 586 2573 signa
604 2519 713 2558 mouere
731 2518 804 2557 suae.

582 2726 670 2793 XIII.

246 2849 315 2903 Dum
333 2846 481 2902 labefactat
498 2863 567 2901 onus
585 2846 690 2915 grauidi
707 2843 850 2900 temeraria
866 2845 986 2912 uentris,

278 2933 309 2987 In
328 2932 410 2987 dnbio
428 2932 500 2985 uitae
518 2931 592 2986 lassa
610 2931 728 2985 Corinna
743 2931 823 2985 iacet.
