2375 3575
531 486 642 520 amoene.
922 462 965 515 151

165 625 190 665 an
235 613 482 682 Veneritignotns.
500 613 648 683 postmodo
666 619 747 668 notus
766 618 819 667 eat.

201 698 255 753 Ibit
273 698 309 752 ad
327 698 461 764 affectam,
479 713 550 768 quae
567 714 622 753 non
640 697 787 767 languebit
807 699 931 753 amicam.

238 783 327 838 Visat!
346 784 454 839 iudiciis
471 800 555 853 aegra
571 784 609 839 sit
625 783 674 838 illa
690 784 754 839 tuis.

204 868 232 923 Si
251 869 334 923 faciet
350 869 435 935 tarde,
455 886 489 923 ne
506 874 535 923 te
552 885 630 923 mora
646 869 730 937 longa
746 869 852 937 fatiget.

239 954 362 1023 Inposita
379 954 481 1023 gremio
499 957 614 1009 stertere
632 954 722 1008 fronte
740 958 828 1022 potes.

163 1050 190 1089 ae
203 1039 260 1093 Nec
277 1043 315 1103 tu,
335 1038 475 1107 linigeram
492 1038 549 1093 fieri
568 1038 634 1108 quid
651 1038 741 1107 possit
758 1038 794 1092 ad
811 1038 889 1102 Isim,

239 1123 404 1191 Quaesieris.
422 1140 473 1178 nec
490 1126 520 1177 tu
539 1139 624 1177 curua
641 1123 748 1177 theatra
765 1124 839 1177 tlrne.

203 1209 339 1265 Conscius
357 1209 485 1264 assiduos
504 1208 642 1264 commissi
659 1208 737 1263 tollet
755 1209 881 1263 honores.

239 1293 306 1361 Quis
324 1294 411 1348 minor
429 1297 472 1348 est
490 1297 581 1347 autem
600 1309 682 1363 quam
701 1294 821 1349 tacuisse
839 1293 934 1348 labori

203 1378 253 1433 llle
270 1378 361 1449 placet
379 1385 525 1449 uersatque
543 1379 653 1433 domum
672 1395 760 1449 neque
777 1379 892 1433 uerbera
909 1377 1002 1443 sentit,

165 1476 192 1515 ao
240 1463 289 1518 Ille
306 1467 413 1533 potens.
433 1464 478 1518 alii
496 1464 609 1518 sordida
625 1464 706 1519 turba
722 1464 825 1518 iacent.

203 1549 283 1614 Huic,
302 1565 383 1604 uerae
401 1553 432 1603 ut
448 1549 553 1603 lateant
572 1565 680 1615 causae,
700 1550 838 1617 finguntur
856 1549 966 1613 Inanes,

239 1636 331 1703 Atque
349 1634 429 1688 ambo
447 1634 549 1688 domini
567 1633 642 1703 quod
659 1634 758 1703 probat
776 1650 831 1688 una
848 1633 974 1703 probant.

205 1719 275 1774 Cum
291 1718 361 1773 bene
379 1719 420 1772 uit
437 1719 521 1773 traxit
538 1717 643 1772 nultum
661 1734 799 1789 rugasque
819 1718 916 1788 coegit,

240 1805 320 1872 Quod
338 1804 425 1859 noluit
441 1804 619 1859 fieri-blanda
636 1805 729 1874 puella
746 1804 820 1859 facit.

166 1901 191 1939 ³⁵
206 1890 261 1946 Sed
280 1894 372 1944 tamen
388 1889 524 1944 interdum
542 1893 633 1943 tecum
651 1904 761 1959 quoque
778 1889 867 1959 iurgia
886 1893 978 1942 nectat

240 1974 277 2029 Et
294 1974 404 2029 simulet
421 1974 547 2028 lacrimas
565 1974 774 2045 carnificemque
792 1978 881 2028 uocet.

206 2059 249 2114 'l'n
267 2064 363 2113 contra
380 2059 489 2124 obicies,
508 2075 579 2129 quae
597 2062 657 2113 tuto
676 2058 763 2113 diluat
781 2058 835 2113 illa.

241 2145 273 2199 In
292 2161 386 2198 uerum
404 2144 474 2199 falso
494 2145 605 2198 crimine
623 2145 701 2199 deme
719 2145 808 2199 fidem.

208 2230 253 2287 Sic
270 2229 320 2284 tibi
339 2245 448 2299 semper
466 2230 560 2295 honos,
580 2230 621 2284 sic
640 2229 696 2283 alta
713 2228 822 2299 peculia
839 2231 970 2282 crescent.

166 2328 194 2366 eo
241 2314 389 2381 Haecine,
407 2315 435 2369 in
453 2315 551 2385 exiguo
569 2320 693 2384 tempore
712 2314 781 2368 liber
799 2313 860 2367 eris.

207 2399 318 2469 Aspicis
337 2399 472 2455 indicibus
490 2416 575 2453 nexas
592 2415 643 2468 per
661 2398 732 2453 colla
750 2399 880 2454 catenas?
924 2389 927 2395 ’

243 2484 392 2554 Squalidus
410 2485 477 2540 orba
493 2485 547 2538 fide
566 2487 678 2553 pectora
696 2499 789 2538 carcer
806 2482 897 2537 habet.

207 2570 324 2638 Quaerit
341 2585 428 2640 aquas
446 2570 473 2624 in
493 2569 572 2640 aquis
590 2573 619 2623 et
637 2586 719 2640 poma
736 2568 846 2636 fugacia
865 2569 960 2636 captat

243 2653 385 2710 Tantalus.
404 2655 457 2710 hoc
474 2654 512 2709 illi
530 2653 641 2723 garrula
658 2653 754 2723 lingua
771 2653 854 2707 dedit.

166 2753 193 2791 sa
207 2741 280 2795 Dum
299 2741 411 2796 nimium
428 2743 521 2794 seruat
538 2744 633 2794 custos
651 2739 782 2793 Iunonius
800 2738 864 2803 lon,

244 2828 316 2880 Ante
334 2842 400 2880 suos
418 2842 506 2880 annos
525 2825 633 2879 occidit.
651 2823 699 2878 illa
717 2824 804 2878 (least.

207 2910 270 2965 Vidi
289 2925 341 2979 ego
359 2910 536 2980 compedibus
554 2909 669 2964 liuentia
688 2925 767 2964 crura
784 2912 948 2977 gerentem„
