2375 3575
224 446 275 499 200
552 469 655 503 saronas

224 598 283 652 Non
300 597 372 652 freta
390 598 507 652 demisso
526 597 670 652 uouebant
688 599 766 651 eruta
783 611 872 662 remo,

259 681 359 736 Vltima
376 682 484 736 mortali
502 687 560 737 tum
578 682 625 736 uia
642 682 706 736 litus
725 685 809 735 erat:

184 778 212 817 4⁵
225 769 327 823 Contra
343 771 371 821 te
390 767 497 833 sollers,
517 767 656 821 hominum
674 773 783 832 natura,
803 765 882 820 fuisti

257 851 294 906 Et
310 852 421 906 nimium
439 851 545 906 damnis
563 851 706 920 ingeniosa
722 851 786 905 tuis.

224 937 284 1005 Quo
301 936 351 991 tibi
368 936 473 991 turritis
490 936 629 1005 incingere
647 936 788 991 moenibus
806 935 906 991 urbes?

258 1021 317 1089 Quo
335 1021 383 1076 tibi
403 1021 543 1075 discordes
562 1021 662 1076 addere
680 1020 707 1074 in
725 1037 802 1074 arma
818 1021 934 1076 manus?

225 1106 295 1173 Quid
312 1105 361 1161 tibi
379 1122 440 1160 cum
458 1105 564 1176 pelago.
583 1110 658 1160 terra
676 1111 805 1160 contenta
822 1106 933 1160 luisses.

187 1205 211 1244 so
260 1192 313 1246 Cur
332 1208 385 1246 non
404 1191 565 1255 stenelum,
584 1192 666 1245 tertia
682 1207 779 1259 regna,
798 1191 890 1260 rapis?

225 1276 285 1344 Qua
302 1276 377 1341 licet,
397 1275 520 1331 adiectas
539 1276 643 1330 caelum
661 1291 778 1346 quoque.
796 1276 899 1344 templa
917 1276 1002 1344 Quirir

258 1361 338 1415 Liber
355 1364 383 1415 et
400 1361 510 1415 Alcides
529 1366 556 1414 et
574 1362 654 1415 modo
673 1361 775 1416 Caesar
793 1361 902 1416 habent.

224 1445 350 1500 Eruimus
368 1450 441 1499 terra
459 1445 575 1501 solidum
593 1463 643 1517 pro
661 1446 784 1514 frugibus
803 1462 909 1500 aurum.

259 1531 386 1585 Possidet
402 1531 529 1586 inuentus
543 1531 682 1604 sanguine
700 1531 776 1586 miles
794 1547 871 1600 opes.

186 1627 212 1664 ⁵5
225 1617 307 1671 Curia
324 1616 489 1685 pauperibus
507 1617 636 1670 clausast.
657 1617 704 1670 dat
721 1632 820 1670 census
838 1616 964 1671 honores.

258 1701 325 1755 Inde
342 1701 434 1770 grauis
452 1701 546 1766 iudex,
564 1702 628 1755 inde
640 1717 757 1760 seuerus
776 1717 870 1770 eques.

225 1788 323 1843 Omnia
339 1788 506 1857 possideant.
524 1786 578 1841 illis
597 1803 764 1857 campusque
781 1788 926 1857 forumque

259 1871 373 1926 Seruiat.
392 1872 419 1925 hi
436 1888 532 1942 pacem
550 1873 689 1941 crudaque
707 1872 777 1926 bella
794 1877 898 1940 gerant.

225 1958 343 2012 Tantum
361 1974 394 2011 ue
413 1962 522 2011 nostros
540 1957 615 2011 auidi
633 1956 765 2011 liceantur
782 1973 890 2011 amores

186 2052 212 2091 60
258 2043 294 2098 Et
312 2074 343 2082 -
363 2043 430 2097 satis
449 2048 492 2097 est
508 2073 542 2082 —
560 2042 664 2111 aliquid
681 2042 810 2111 pauperis
828 2058 890 2097 esse
909 2042 1001 2096 sinant

224 2132 261 2183 At
278 2144 364 2192 nunc,
383 2131 518 2197 exaequet
534 2127 646 2181 tetricas
665 2127 729 2180 licet
745 2126 792 2181 illa
810 2125 942 2192 Sabinas,

258 2213 377 2283 Imperat
395 2217 425 2266 ut
443 2217 552 2282 captae,
572 2212 618 2281 qui
637 2212 702 2265 dare
720 2210 806 2265 multa
822 2215 923 2281 potest.

225 2299 266 2352 lle
284 2298 408 2367 prohibet
426 2301 527 2352 custos.
545 2296 573 2350 in
591 2312 634 2350 me
652 2297 730 2350 timet
747 2296 793 2350 illa
811 2297 945 2350 maritum.

259 2382 288 2437 Si
307 2383 439 2447 dederim,
458 2387 516 2437 tota
534 2382 613 2436 cedet
631 2385 746 2450 uterque
759 2382 852 2458 pomo.

185 2465 246 2524 650
266 2468 289 2523 si
307 2467 423 2536 neglecti
442 2467 586 2537 quisquam
605 2466 673 2520 deus
691 2467 762 2520 ultor
781 2466 897 2521 amantis

259 2553 326 2607 Tam
344 2553 414 2606 male
433 2552 572 2622 quaesitas
590 2551 703 2621 pulnere
722 2554 808 2604 mutet
825 2551 905 2619 opes!

506 2752 708 2760 ---—-——
