2375 3575
509 479 618 514 suosne.
899 455 946 507 189

211 612 279 667 Sola
297 610 394 681 placet
414 609 512 663 ‘timeo’
531 608 621 662 dicere
639 607 719 677 siqua
736 611 835 676 potest.

177 698 234 753 Nec
251 703 345 751 tamen
362 696 508 764 ingenuam
526 693 569 747 ius
587 698 631 747 est
649 708 759 747 seruare
777 692 904 762 puellam.

212 782 265 837 Hic
284 786 373 835 metus
390 785 519 834 externae
537 794 652 847 corpora
670 777 760 847 gentis
778 783 851 847 agat.

135 871 163 915 ³⁵
178 866 290 922 Scilicet
307 871 338 919 ut
354 865 444 935 possit
461 870 555 918 custos
574 864 643 931 ‘ego'
661 863 751 917 dicere
769 862 846 928 ‘ieci’‚

213 952 246 1006 ln
263 951 372 1005 laudem
390 949 463 1005 serni
481 954 560 1003 casta
577 949 615 1003 sit
631 948 678 1002 ilia
695 947 753 1002 tui?

178 1036 311 1092 Rusticus
329 1039 372 1090 est
389 1034 511 1098 nimium,
530 1049 611 1104 quem
628 1032 713 1087 laedit
731 1032 855 1087 adultera
872 1034 982 1099 coniux,

214 1120 250 1175 Et
268 1124 349 1175 notos
367 1135 456 1175 mores
475 1135 528 1172 non
547 1119 615 1173 satis
633 1118 708 1173 urbis
726 1118 820 1183 habet,

179 1207 211 1261 in
229 1222 286 1276 qna
303 1205 470 1273 Martigenae
488 1220 542 1270 non
561 1206 626 1257 sunt
644 1203 703 1257 sine
721 1203 831 1259 erimine
851 1205 907 1259 nati

137 1298 167 1343 ⁴o
214 1290 346 1346 Romulus
364 1290 463 1344 iliades
481 1288 635 1358 iliadesque
652 1288 762 1343 Remus.

179 1377 242 1444 Quo
260 1375 309 1430 tibi
327 1374 482 1438 formosam,
502 1374 599 1428 sinon
617 1373 669 1427 nisi
687 1376 764 1428 casta
781 1374 924 1443 placebat?

216 1461 275 1515 Non
293 1465 410 1530 possunt
426 1459 488 1513 uilis
507 1458 561 1513 ista
578 1458 652 1512 coire
672 1458 768 1513 modis.

181 1546 210 1601 Si
229 1545 313 1614 sapis,
331 1543 442 1613 indulge
460 1544 587 1598 dominae
606 1545 753 1613 uultusque
772 1560 883 1600 seueros

215 1631 293 1685 Exue
310 1646 361 1684 nec
377 1629 457 1697 rigidi
475 1630 535 1683 iura
551 1633 629 1683 tuere
648 1628 707 1682 uiri.

140 1729 167 1767 es
180 1715 216 1770 Et
235 1714 294 1770 cole
311 1730 380 1785 quos
399 1714 548 1769 dederit-
567 1712 667 1768 multos
680 1714 755 1769 dabit
772 1744 799 1754 -
813 1731 879 1769 uxor
891 1716 1001 1771 amicos.

216 1801 312 1858 Gratia
329 1800 369 1855 sic
387 1800 497 1854 minimo
516 1816 616 1869 magna
633 1799 725 1854 labore
743 1801 826 1855 uenit.

181 1887 227 1943 Sic
246 1885 348 1956 poteris
366 1887 493 1940 iuuenum
512 1885 640 1940 conuiuia
657 1900 764 1955 semper
781 1886 849 1940 inire

216 1971 252 2026 Et
270 1987 341 2041 quae
358 1986 413 2025 non
432 1970 539 2024 dederis
558 1970 645 2024 multa
661 1970 754 2025 uidere
772 1971 853 2025 dorni.

546 2192 583 2255 V.

390 2311 515 2351 ovrnrr
543 2311 718 2351 rvnronrs.

182 2396 241 2449 Nox
259 2397 325 2459 erat
345 2398 372 2448 et
390 2410 502 2451 somnus
520 2394 610 2449 lassos
629 2395 763 2449 summisit
781 2395 890 2451 ocellos.

216 2478 382 2534 Terruerunt
400 2479 520 2533 animum
537 2479 604 2533 talia
622 2479 683 2534 nisa
700 2497 797 2535 meum.

182 2563 258 2620 Colle
276 2564 328 2619 sub
345 2565 438 2634 aprico
456 2564 634 2620 creberrimus
652 2564 712 2620 ilice
730 2565 815 2621 lucus.

217 2647 323 2714 Stabat,
341 2649 414 2703 etin
431 2650 515 2704 ramis
534 2649 618 2704 muita
636 2650 739 2705 latebat
756 2652 823 2706 auis.

159 2736 256 2789 sArea
274 2733 414 2802 gramineo
432 2735 544 2790 suberat
561 2734 728 2790 nitidissima
745 2741 831 2806 prato,

218 2819 316 2873 Vmida
333 2819 368 2874 de
385 2819 471 2889 guttis
489 2819 550 2874 lene
567 2821 691 2876 sonantis
710 2837 806 2891 aquae.

184 2905 247 2975 lpse
266 2904 317 2959 snb
335 2904 456 2960 arboreis
474 2905 594 2960 uitabam
613 2905 753 2961 frondibus
772 2911 888 2968 aestum,
