2375 3575
547 381 657 415 suenus.
937 358 983 410 173

183 516 291 569 sArua
309 515 481 582 pererrantur
498 510 629 579 Paeligna
645 509 810 581 liquentibus
828 510 920 577 undis,

250 597 286 652 Et
304 597 374 651 uiret
390 597 417 650 in
435 600 530 668 tenero
548 595 644 650 fertilis
662 596 745 650 herba
763 595 829 650 solo.

212 684 301 738 Terra
317 681 393 736 ferax
411 682 510 737 cereris
528 680 667 751 multoque
684 681 798 735 feracior
816 681 889 747 uuis,

250 769 305 822 Dat
323 782 432 838 quoque
449 766 598 820 baciferam
617 766 729 820 Pallada
746 783 824 822 rarus
843 782 915 836 ager.

213 853 322 923 Perque
339 856 514 920 resurgentes
531 852 598 906 riuis
616 852 770 907 labentibus
789 852 887 908 herbas

173 954 201 995 ιο
251 937 413 993 Gramineus
431 936 566 991 madidam
585 953 698 1007 caespes
717 937 859 992 obumbrat
876 938 994 992 humum.

214 1025 253 1078 nt
270 1038 348 1077 meus
365 1022 436 1091 iguis
455 1022 541 1076 abest.
560 1022 644 1077 uerbo
662 1022 837 1091 peccauimus
856 1039 918 1077 uno.

251 1108 328 1176 Quae
345 1111 437 1162 mouet
454 1107 578 1172 ardores,
598 1111 641 1161 est
658 1107 759 1177 procul.
778 1107 858 1163 ardor
876 1109 962 1163 adest.

214 1193 276 1249 Non
294 1209 353 1263 ego,
371 1193 394 1247 si
413 1192 518 1247 medius
536 1191 646 1247 Polluce
664 1196 691 1247 et
709 1192 821 1248 Castore
840 1209 932 1263 ponar,

250 1280 282 1333 lu
301 1278 369 1333 caeli
387 1279 490 1334 sinete
510 1282 588 1348 parte
606 1277 692 1333 fuisse
710 1277 801 1332 uelim.

177 1382 202 1420 15
216 1364 330 1419 Solliciti
348 1365 456 1419 iaceant
473 1368 601 1434 terraque
620 1369 778 1433 premantur
795 1363 897 1433 iniqua,

251 1451 281 1504 ln
300 1449 397 1519 longas
414 1450 506 1504 orbem
525 1450 571 1519 qui
590 1464 702 1504 secuere
720 1449 787 1504 uias.

215 1537 273 1591 Aut
289 1535 417 1589 iuuenum
436 1534 549 1589 comites
566 1535 711 1589 iussissent
728 1534 767 1588 ire
785 1533 898 1603 puellas,

251 1620 281 1675 Si
298 1620 351 1674 fuit
368 1621 397 1674 iu
414 1620 511 1690 longae
529 1624 603 1674 terra
621 1620 741 1675 secunda
758 1620 825 1674 uias.

215 1705 286 1761 Tum
303 1705 375 1770 mihi,
394 1706 417 1760 si
437 1722 585 1776 premerem
603 1709 732 1760 uentosas
750 1704 875 1758 horridus
893 1703 983 1774 Alpes,

176 1807 203 1849 ro
251 1791 405 1847 Dummodo
424 1808 484 1847 cum
504 1792 621 1856 dominu,
641 1791 721 1846 molle
738 1791 836 1846 fuisset
852 1791 911 1844 iter.

217 1877 285 1933 Oum
305 1876 414 1932 domina
431 1876 547 1948 Libycas
566 1877 654 1932 ausim
672 1891 846 1946 perrumpere
864 1875 965 1946 Syrtes,

251 1961 287 2017 ut
306 1962 371 2017 dare
388 1979 441 2017 nou
461 1963 556 2034 aequis
575 1962 637 2016 uela
654 1961 767 2016 ferenda
785 1961 864 2016 notis.

216 2047 277 2103 Non
295 2063 367 2118 quae
384 2048 506 2117 uirgineo
524 2051 654 2118 portenta
670 2047 721 2102 sub
738 2045 850 2115 inguine
867 2044 975 2111 latrant,

252 2133 307 2187 Nec
324 2133 434 2187 timeam
451 2137 570 2197 uestros,
590 2148 675 2186 curua
691 2131 790 2196 Malea,
810 2131 898 2197 sinus,

178 2233 205 2273 re
218 2217 279 2272 Nou
299 2233 354 2288 qua
370 2217 518 2272 submersis
535 2218 640 2272 ratibus
659 2220 782 2271 saturata
800 2216 950 2288 Charybdis

252 2301 354 2357 Fundit
371 2306 399 2356 ct
416 2303 517 2359 effusas
535 2319 581 2357 ore
599 2306 722 2371 receptat
739 2317 833 2372 aquas.

216 2388 297 2456 Quod
316 2389 338 2442 si
356 2387 509 2457 Neptunum
528 2391 644 2442 uentosa
660 2387 783 2457 potentia
800 2385 899 2452 uincit,

253 2473 288 2527 Et
305 2474 487 2528 subueuturos
506 2474 611 2528 auferet
629 2473 704 2526 unda
721 2472 795 2538 deos,

216 2558 260 2614 Tu
279 2558 379 2613 uostris
397 2558 492 2613 niueos
510 2558 610 2613 umeris
628 2558 728 2628 inpone
746 2559 870 2613 lacertos.

177 2657 203 2698 ao
252 2644 373 2714 Corpore
390 2660 441 2701 noe
458 2644 532 2699 facili
551 2643 630 2699 dulce
647 2643 764 2699 feremus
782 2659 859 2698 onus.

216 2730 318 2800 [Saepe
336 2733 432 2799 petens
450 2729 542 2784 Heron
560 2729 666 2784 iuuenis
684 2732 876 2784 transnauerat
893 2727 989 2782 uudas.

251 2814 321 2869 'l'um
340 2830 449 2885 quoque
466 2817 646 2870 trausuasset.
665 2814 715 2869 sed
731 2813 777 2868 uia
795 2829 877 2868 caeca
893 2812 966 2882 fuit]
