2375 3575
446 474 564 507 saltumn
577 474 679 509 amomo.

132 618 165 656 cs
179 604 294 672 lamque
312 603 463 657 uadaturus
482 602 586 657 ‘lectica
604 604 727 673 prodeat'
745 604 840 673 inquit.

214 687 363 742 Prodierat.
381 688 442 743 uisa
459 689 576 758 coniuge
594 692 685 743 mutus
704 692 770 742 erat.

180 774 215 827 Et
234 789 330 828 manus
348 777 376 828 ot
392 774 517 828 manibus
534 772 656 841 duplices
675 774 795 828 cecidere
813 774 939 833 tabellae,

214 857 295 911 Venit
310 859 337 912 in
356 858 496 928 amplexus
515 862 597 928 atque
616 859 654 913 ita
673 860 775 914 ‘uincis'
794 860 838 914 ait.

179 943 278 999 Tutius
296 948 339 998 est
356 949 504 1014 aptumque
521 944 609 1013 magis
628 944 768 999 discedere
785 962 853 1015 pace

132 1044 166 1081 iro
213 1028 268 1082 Nec
286 1034 379 1098 petere
397 1046 414 1083 a
431 1028 559 1083 thalamis
576 1029 697 1097 litigiosa
715 1030 782 1085 fora.

178 1114 291 1167 Munera
308 1129 378 1183 quae
393 1114 522 1185 dederas,
541 1116 642 1170 habeat
659 1115 717 1169 sine
736 1114 782 1169 lite
800 1115 899 1170 iubeto.

213 1198 283 1253 Esse
300 1198 389 1253 solent
407 1200 624 1267 magnodamna
641 1200 746 1254 minora
763 1202 842 1255 bono.

179 1284 259 1352 Quod
277 1285 369 1339 siuns
388 1284 486 1354 aliquis
505 1301 585 1339 casus
604 1285 737 1340 conducet
754 1286 782 1339 in
800 1303 894 1345 unum,

213 1369 302 1423 Mente
320 1386 421 1423 memor
438 1374 498 1424 tota
519 1386 589 1440 quae
609 1371 705 1425 damus
724 1388 798 1425 arma
821 1376 891 1425 tene.

132 1467 166 1506 us
178 1455 255 1508 Nunc
273 1471 342 1524 opus
361 1461 404 1509 est
421 1456 511 1509 armis.
530 1455 581 1520 bic,
601 1472 618 1509 o
636 1455 792 1520 fortissime,
811 1473 910 1526 pugno.

214 1540 379 1594 l'incendast
395 1540 450 1594 telo
468 1539 640 1595 Penthesilea
656 1545 713 1595 tuo.

178 1625 255 1678 b'unc
272 1625 320 1679 tibi
339 1624 443 1689 riualis,
463 1642 534 1678 nunc
553 1625 649 1679 durum
667 1626 747 1680 limen
766 1628 880 1682 arrrauti.
910 1680 913 1689 ,

212 1709 288 1764 Nunc
306 1710 421 1765 subeant
439 1710 535 1765 mediis
552 1711 634 1764 inrita
653 1712 736 1766 uerba
754 1712 819 1766 deis.

168 1796 232 1868 ‘Nec
252 1812 383 1865 compone
402 1811 505 1860 comas,
525 1797 589 1866 quia
608 1800 645 1852 sis
665 1803 795 1853 uenturus
815 1799 849 1852 ad
868 1799 951 1863 illam,

133 1895 164 1932 rso
212 1880 267 1934 Nec
284 1884 350 1950 toga
367 1881 404 1935 sit
420 1881 482 1935 laxo
501 1883 694 1951 conspicienda
711 1883 780 1938 sinu.

177 1965 257 2019 Nulla
275 1965 311 2020 sit
328 1970 359 2019 ut
375 1966 485 2036 placeas
503 1966 609 2022 alienae
628 1985 693 2022 cura
710 1962 823 2039 puellae.

212 2051 269 2103 lam
288 2050 371 2104 facito
389 2068 404 2105 e
422 2052 513 2108 multis
531 2070 586 2106 una
605 2053 641 2107 sit
658 2053 704 2107 illa
721 2054 777 2107 tibi.

177 2136 233 2190 Sed
251 2137 325 2206 quod
342 2138 488 2207 praecipue
507 2139 607 2193 nostris
626 2139 767 2194 conatibus
786 2141 887 2194 obstet.

213 2221 343 2290 Eloquar,
363 2223 486 2292 exemplo
504 2239 638 2296 quemque
657 2225 771 2279 docente
790 2242 847 2279 suo.

132 2321 162 2359 os
176 2307 334 2362 Desinimus
352 2308 443 2373 tarde,
463 2309 527 2378 quia
545 2326 595 2363 nos
614 2304 755 2380 speramus
773 2311 866 2365 amari.

210 2392 283 2445 Dum
301 2392 352 2447 sibi
371 2394 486 2463 quisque
504 2394 606 2463 placet,
626 2395 736 2450 credula
752 2397 832 2451 turba
850 2413 951 2450 sumus.

175 2480 213 2531 At
231 2485 261 2530 tu
281 2494 329 2531 nec
349 2495 429 2533 uoces
450 2512 477 2518 —
499 2479 563 2549 quid
582 2481 652 2534 enim
671 2480 795 2535 fallacius
813 2481 883 2535 illis?
903 2514 931 2520 -—

211 2562 367 2637 Credenec
385 2571 510 2619 aeternos
528 2565 635 2633 pondus
654 2566 754 2621 habere
772 2568 845 2620 deos.

175 2647 251 2700 lieue
270 2647 418 2716 puellarum
436 2649 553 2705 lacrimis
571 2667 698 2705 moneare
721 2657 824 2706 caueto.

132 2748 163 2786 so
212 2732 247 2785 Vt
265 2732 372 2800 flerent,
392 2735 485 2790 oculos
504 2735 626 2790 erudiere
644 2753 716 2791 suos.

177 2818 289 2874 Artibus
307 2819 454 2875 innumeris
472 2837 548 2875 mens
566 2826 740 2891 oppugnatur
758 2831 907 2876 amantum.

214 2903 247 2956 Vt
265 2903 335 2973 lapis
353 2906 495 2976 aequoreis
512 2907 631 2976 undique
650 2907 745 2976 pulsus
763 2908 850 2977 aquis,

829 3017 841 3047 d
