2375 3575
463 498 510 531 11113
525 499 663 532 sunnonis.
911 479 944 530 83

172 628 254 691 Cum,
272 627 398 697 quotiens
416 643 486 697 epus
504 631 554 691 est,
572 627 656 682 fallax
674 634 798 699 aegrotet
815 630 909 695 amica,

211 712 248 767 Et
265 712 346 767 cedat
361 712 433 765 lecto
451 712 599 782 quamlibet
617 729 700 784 aegra
718 730 776 780 suo,

171 798 291 852 Nomine
308 794 368 853 cu'm
387 797 491 863 doceat,
511 798 577 868 quid
595 814 716 868 agamus,
735 800 859 855 adultera
876 800 967 866 clanis,

211 883 341 953 Quasque
358 886 445 952 petas,
464 898 518 936 non
536 884 582 938 det
599 884 682 938 ianua
699 884 766 949 3313,
784 886 861 941 uias?

129 990 158 1028 13
173 968 292 1023 Fallitur
309 974 337 1021 et
354 968 438 1022 multo
456 968 577 1023 custodis
595 985 661 1023 cura
678 969 775 1042 Lyaeo,

211 1053 262 1107 1113
279 1052 323 1107 uel
339 1052 462 1123 Hispano
479 1053 552 1107 lecta
568 1054 606 1109 sit
622 1071 677 1109 uua
693 1056 764 1124 iuge.

175 1138 249 1195 Sunt
267 1154 383 1208 qnoque,
403 1154 473 1208 qnae
490 1138 593 1194 1331331
611 1140 682 1194 31133
695 1140 875 1196 medicamina
887 1158 996 1197 sumnus

213 1224 344 1293 Victaque
361 1223 481 1278 Lethaea
498 1222 601 1279 lumina
618 1230 698 1279 33313
716 1230 847 1295 premant

176 1310 234 1363 Nec
252 1309 323 1364 male
340 1309 442 1364 deliciis
461 1309 585 1363 odiosum
605 1310 716 1366 conscia
732 1311 818 1366 tardis

129 1416 162 1452 se
211 1395 330 1460 Detinet,
350 1400 377 1448 et
393 1395 476 1463 longa
493 1394 613 1463 iungitur
631 1396 692 1465 ipsa
709 1412 793 1451 mera.

176 1480 250 1549 Quid
267 1481 344 1533 iuuat
361 1479 490 1548 ambages
508 1487 709 1551 praeceptaque
726 1498 812 1551 parua
830 1498 950 1547 mouere,

211 1566 280 1620 Cum
300 1566 409 1619 minimo
427 1570 520 1619 333133
539 1583 650 1622 munere
667 1567 756 1637 possit
773 1567 844 1622 311111

176 1652 296 1716 Munera
315 1651 394 1705 crede
412 1650 485 1715 mihi,
504 1652 616 1721 capiunt
633 1653 810 1723 hominesque
827 1653 955 1723 deosque.

211 1736 337 1792 Placatur
355 1736 434 1791 donis
451 1736 573 1807 luppiter
590 1736 650 1808 ipse
669 1737 748 1793 datis.

130 1842 163 1878 113
177 1822 251 1891 Quid
269 1822 379 1892 sapiens
396 1821 487 1888 faciet,
505 1822 606 1878 stultus
625 1840 706 1894 quom
725 1840 835 1878 munere
852 1825 970 1894 gaudet?

211 1908 275 1978 11133
294 1924 402 1978 quoque
419 1914 533 1978 accepto
552 1925 662 1962 munere
680 1914 771 1964 133133
789 1909 847 1963 erit.

177 1993 233 2048 Sed
251 1993 335 2047 semel
353 1997 396 2048 est
414 1996 507 2048 custos
525 1992 635 2062 longum
653 1994 825 2050 redimendus
843 1995 871 2048 in
889 2011 994 2049 aeuum.

134 2083 137 2088 “
212 2078 301 2148 Saepe
320 2078 402 2144 dabit,
422 2078 526 2134 dederit
544 2094 614 2149 quas
632 2078 716 2134 semel
732 2079 777 2134 ille
795 2096 899 2135 manus.

176 2166 298 2233 Questus
316 2180 397 2228 eram,
416 2165 531 2230 memini,
550 2165 710 2222 metuendos
728 2181 789 2220 esse
807 2164 923 2220 sodales.

130 2266 164 2301 33
212 2249 271 2304 Non
288 2249 377 2318 tangit
390 2248 467 2304 ¹solos
485 2250 540 2304 ista
557 2249 678 2320 querella
694 2250 774 2305 uiros.

176 2334 295 2390 Credula
313 2335 336 2389 si
354 2334 446 2399 133113,
464 2334 533 2388 31133
550 2339 600 2388 tua
617 2335 718 2405 gaudia
735 2343 860 2407 carpent,

212 2420 247 2475 Et
264 2420 343 2489 lepus
360 2419 423 2475 hinc
440 2419 501 2474 aliis
520 2420 673 2488 exagitatus
691 2421 750 2475 erit.

176 2507 253 2562 Haec
265 2521 382 2576 qunque,
395 2520 466 2576 quae
478 2505 591 2574 praebet
602 2505 701 2560 lectum
711 2506 837 2562 studiosa
845 2506 995 2578 locumque,

144 2659 148 2666 Ι
212 2592 299 2646 Crede
316 2590 388 2656 mihi,
408 2606 517 2645 mecum
532 2607 585 2645 non
604 2591 688 2645 semel
704 2591 751 2645 illa
768 2591 826 2646 1311.

131 2678 233 2732 1311133
251 2676 362 2730 nimium
381 2676 459 2731 nobis
476 2675 598 2730 formosa
615 2675 714 2730 ancilla
730 2676 871 2732 ministret.

212 2764 301 2832 Saepe
319 2761 405 2816 uicem
424 2760 549 2816 dominae
566 2760 692 2830 praebuit
707 2760 755 2815 illa
771 2761 842 2816 milri.

177 2849 239 2917 Quo
256 2848 329 2902 13131
345 2846 475 2902 insanus?
493 2845 558 2915 qnid
576 2849 672 2917 aperte
689 2850 799 2914 pectore
816 2846 844 2901 in
861 2846 967 2902 hostem

211 2933 304 2988 Mittor
321 2936 350 2987 et
366 2930 467 2986 indicio
484 2929 585 3000 prodor
602 2929 637 2985 ab
654 2929 715 3000 ipse
731 2931 809 2986 meu?

827 3039 852 3079 1.
