2375 3575
254 464 287 517 84
538 487 586 519 nris
600 487 741 521 sunnonis.

253 617 310 670 Non
329 617 388 671 auis
407 617 558 686 aucupibus
576 620 716 683 monstrat,
735 633 790 688 qua
807 625 886 687 parte
903 622 1020 687 petatur.

202 723 239 760 ero
287 702 345 755 Non
363 702 443 756 docet
460 701 575 756 infestos
593 717 700 756 currere
719 718 800 756 cerua
817 720 909 759 canes.

254 787 356 841 Viderit
373 787 486 842 utilitas.
506 803 556 856 ego
575 791 673 857 coepta
690 787 806 842 fideliter
823 788 911 842 edam.
996 848 999 852 ,

287 872 442 927 Lemniasin
460 872 566 941 gladios
584 872 612 926 in
630 888 692 926 mea
708 872 767 926 fata
784 872 863 927 dabo.

253 958 358 1012 Efficite
377 989 409 997 —
428 961 455 1011 et
472 957 580 1012 facilest
599 989 639 1022 -,
658 963 688 1011 ut
705 974 756 1012 nos
774 957 918 1014 credamus
937 960 1025 1014 amari.

288 1044 376 1097 Prona
393 1042 468 1097 uenit
487 1042 593 1112 cupidis
611 1042 638 1095 in
657 1059 708 1097 sua
726 1046 791 1097 uota
808 1043 885 1099 fides.

203 1147 240 1183 em
255 1130 367 1199 Spectet
384 1127 527 1182 amabilius
545 1129 678 1192 iuuenem,
698 1128 817 1197 suspiret
835 1130 870 1183 ab
889 1130 945 1184 imo

288 1213 400 1267 Femina
417 1216 474 1266 tam
492 1230 553 1268 sero
571 1230 618 1266 cur
636 1213 782 1283 ueniatque
801 1219 885 1282 roget,

254 1298 394 1354 Accedant
413 1297 540 1352 lacrimae
559 1297 636 1352 dolor
655 1302 681 1352 et
701 1299 733 1352 de
752 1298 839 1368 pelice
858 1300 940 1355 lictus

288 1385 322 1437 ut
340 1383 424 1441 laniet
442 1383 535 1451 digitis
552 1383 624 1437 illius
644 1400 692 1438 ora
711 1384 780 1449 suis,

253 1468 414 1523 Iamdudum
431 1473 580 1538 persuasus
599 1468 656 1522 erit.
675 1469 846 1524 miserebitur
864 1470 944 1539 ultro,

203 1572 240 1609 eso
287 1555 322 1609 Et
340 1554 412 1609 dicet
430 1559 503 1608 ‘cura
522 1555 641 1623 carpitur
659 1554 713 1609 ista
730 1556 800 1609 mei.'

253 1640 401 1711 Praecipue
419 1640 442 1695 si
460 1638 549 1694 cultus
567 1639 618 1693 erit
636 1639 801 1710 speculoque
818 1639 947 1710 placebit,

286 1726 371 1779 Posse
389 1742 439 1779 suo
457 1725 533 1794 tangi
551 1725 644 1778 credet
662 1742 752 1779 amore
771 1726 845 1781 deas.

254 1812 307 1866 Sed
325 1817 360 1877 te,
379 1814 600 1881 quaecumquest,
620 1810 758 1866 moderate
775 1812 873 1866 iniuria
889 1814 989 1880 turbet,

287 1897 341 1950 Nec
359 1896 397 1952 sis
416 1896 509 1950 audita
526 1896 613 1966 pelice
630 1896 728 1951 mentis
746 1897 834 1967 inops.

205 1998 241 2036 ees
255 1982 310 2036 Nec
328 1982 382 2036 cito
401 1981 555 2035 credideris.
574 1984 705 2050 quantum
723 1982 777 2035 cito
796 1982 906 2049 credere
924 1983 1020 2049 laedat,

287 2067 446 2137 Exemplum
464 2067 542 2122 uobis
560 2083 615 2121 non
632 2066 693 2121 leue
710 2067 817 2122 Procris
835 2069 893 2122 erit.

254 2153 303 2208 Est
321 2169 406 2223 prope
423 2168 575 2222 purpureos
594 2151 671 2206 collis
689 2152 811 2207 florentis
828 2153 953 2225 Hymetti

288 2239 360 2293 Fons
378 2254 455 2292 sacer
474 2241 501 2291 et
518 2237 597 2291 uiridi
615 2237 736 2308 caespite
753 2237 841 2292 mollis
859 2238 967 2296 humus.

255 2324 330 2379 Silua
347 2339 442 2377 nemus
460 2339 514 2377 non
533 2322 589 2377 alta
606 2323 680 2378 lacit.
700 2323 768 2391 tegit
786 2323 897 2378 arbutus
916 2324 1038 2391 herbam,

203 2424 241 2462 eso
287 2408 343 2463 Ros
361 2409 443 2464 maris
461 2412 489 2462 et
506 2408 574 2462 lauri
592 2408 723 2478 nigraque
740 2412 843 2480 myrtus
861 2408 944 2476 olent,

253 2494 309 2548 Nec
326 2494 438 2549 densum
456 2493 527 2548 foliis
546 2493 647 2548 buxum
663 2492 828 2563 fragilesque
846 2494 972 2565 myricae,

288 2579 342 2634 Nec
359 2582 455 2634 tenues
474 2578 552 2650 cytisi
570 2577 697 2648 cultaque
713 2578 794 2648 pinus
813 2579 899 2634 abest.

254 2664 372 2720 Lenibus
389 2663 516 2735 inpulsae
533 2663 660 2735 zephyris
680 2680 801 2734 auraque
819 2663 922 2744 sqlubri

289 2749 342 2803 Tot
359 2765 488 2819 generum
506 2748 617 2803 frondes
635 2748 774 2820 herbaque
790 2766 899 2804 summa
915 2753 1015 2807 bennit.

203 2848 240 2887 see
256 2836 341 2891 Grata
359 2836 436 2905 quies
454 2833 583 2904 Cephalo.
602 2833 709 2888 famulis
728 2834 895 2905 canibusque
913 2835 1018 2893 relictis

289 2920 392 2974 Lassus
409 2920 437 2976 in
456 2919 508 2974 hac
525 2919 633 2974 iuuenis
651 2935 734 2989 saepe
752 2919 853 2974 resedit
869 2920 962 2987 humo,

250 3006 400 3080 ‘Quae'que
420 3011 506 3062 ‘meos
522 2995 630 3061 releues
646 3005 755 3068 aestus?
773 3008 883 3060 cantare
901 3004 1009 3063 solebat
