2375 3575
191 490 221 541 12
469 512 516 546 nus
530 512 669 546 aunronrr.

188 642 266 695 Nunc
278 656 387 711 quoque
397 641 443 710 qui
455 656 523 711 puer
535 656 572 706 es,
587 644 707 711 quantus
716 644 782 706 tum,
795 640 910 707 Bacche,
923 640 1010 708 fuisti,

139 740 174 779 roo
222 727 290 781 Oum
307 726 399 780 timuit
415 725 526 796 thyrsos
543 726 622 780 India
638 726 713 781 uicta
729 726 804 780 tuos!

187 811 324 881 Auspiciis
342 811 475 880 annisque
492 811 591 881 patris,
610 827 689 882 puer,
709 827 785 865 arma
802 810 938 876 mouehis,
1012 882 1014 885 y

221 896 257 950 Et
273 897 367 951 uinces
386 896 465 951 aunis
483 896 668 967 auspiciisque
686 896 779 965 patris.

187 981 253 1036 Tale
270 981 452 1035 rudimentum
469 984 546 1036 tanto
565 982 616 1035 suh
635 981 742 1035 nomine
755 981 851 1046 debes,
909 985 910 988 ’

221 1066 297 1120 Nunc
314 1066 442 1120 iuuenum
460 1067 598 1137 princeps,
618 1066 716 1120 deinde
734 1066 823 1120 future
842 1081 947 1120 senum.

138 1165 173 1204 ros
188 1152 255 1206 Oum
272 1151 321 1206 tibi
340 1152 395 1205 siut
411 1150 521 1216 fratres,
541 1151 639 1206 fratres
657 1151 787 1206 ulciscere
805 1151 904 1216 laesos,

221 1235 344 1306 Cumque
360 1239 439 1305 pater
456 1236 505 1291 tibi
523 1237 566 1302 sit,
584 1237 645 1291 iura
662 1241 740 1291 tuere
757 1235 851 1306 patris.

186 1321 278 1375 Induit
296 1337 372 1375 arma
388 1321 439 1376 tibi
456 1323 563 1391 genitor
580 1322 741 1393 patriaeque
758 1325 885 1391 tuusque.

221 1405 315 1460 Hostis
334 1406 368 1461 ab
385 1405 472 1460 inuito
489 1422 574 1475 regna
590 1411 703 1478 parente
722 1407 801 1477 rapit.

187 1490 227 1544 Tu
245 1490 292 1561 pia
308 1490 365 1545 tela
382 1490 463 1557 feras,
481 1492 629 1546 sceleratas
647 1491 691 1545 iile
710 1492 834 1562 sagittas.

136 1589 174 1628 roo
223 1576 312 1631 Stabit
330 1592 379 1646 pro
398 1576 483 1645 signis
501 1577 599 1647 iusque
616 1578 746 1647 piumque
764 1576 827 1631 tuis.

188 1661 336 1715 Vincuntur
354 1677 439 1716 causa
456 1661 557 1716 Parthi.
575 1662 720 1716 uincantur
739 1666 766 1716 et
784 1662 874 1716 armis.
1053 1668 1069 1722 Ῑ

221 1746 294 1802 ans
312 1745 390 1801 Latio
409 1746 464 1801 dux
482 1763 559 1802 meus
577 1747 663 1803 addat
681 1762 756 1818 opes.

186 1832 313 1902 Marsque
331 1836 410 1902 pater
428 1833 584 1903 Caesarque
603 1837 696 1904 pater,
719 1833 782 1887 date
804 1849 904 1886 numen
924 1833 1007 1888 eunti.
1051 1852 1052 1860 ¹

220 1917 288 1970 Nam
306 1917 374 1972 deus
393 1934 408 1972 e
425 1918 504 1972 uobis
523 1918 591 1972 alter
610 1934 651 1982 es,
675 1917 743 1972 alter
762 1917 822 1972 eris.

135 2014 171 2054 sos
186 2003 322 2071 Auguror,
342 2019 388 2068 en,
406 2003 509 2058 uinces.
527 2003 674 2073 uotivaque
692 2003 812 2057 carmina
829 2002 955 2068 reddam,

220 2087 256 2141 Et
275 2103 372 2156 magno
390 2088 470 2143 nobis
488 2104 535 2143 ore
553 2089 693 2142 sonandus
711 2088 772 2142 eris.

186 2171 327 2227 Consistes
345 2174 486 2243 aciemque
503 2173 572 2228 meis
589 2173 733 2228 hortabere
752 2172 852 2228 uerbis.

221 2256 243 2312 0
262 2257 352 2312 desint
369 2259 467 2313 animis
485 2274 519 2312 ne
538 2274 600 2313 mea
617 2258 701 2313 uerba
718 2257 786 2312 tuis!

137 2384 140 2388 Α
186 2341 328 2412 Tergaque
346 2343 507 2397 Parthorum
525 2345 704 2413 Romanaque
722 2348 835 2412 pectora
853 2343 941 2397 dicam

134 2425 171 2477 md
220 2427 351 2498 Telaque,
375 2429 410 2484 ab
428 2445 526 2483 auerso
544 2444 616 2498 quae
633 2428 699 2482 iacit
715 2428 803 2491 hostis
822 2443 902 2498 equo.

186 2512 237 2579 Qui
255 2512 328 2583 fugis
347 2517 377 2567 ut
395 2514 497 2580 uiucas,
516 2515 582 2584 qnid
601 2514 682 2580 uicto,
701 2513 808 2579 Partho,
826 2512 928 2583 relinqu

218 2597 325 2662 Parthe,
345 2598 445 2652 malum
461 2600 515 2653 iam
533 2614 606 2653 nuno
623 2598 696 2653 Mars
713 2602 778 2653 tuus
796 2614 876 2652 omen
894 2597 928 2652 ha

185 2681 257 2750 Ergo
275 2684 326 2736 erit
343 2684 389 2738 illa
407 2685 479 2749 dieo,
498 2688 613 2755 quatu,
636 2683 816 2754 pulcherrime
833 2699 920 2738 rerum

220 2767 354 2834 Quattuor
372 2768 399 2821 in
419 2769 505 2823 niueis
524 2785 623 2823 aureus
641 2768 693 2824 ihis
712 2768 798 2839 equis.

133 2862 170 2901 ara
186 2851 267 2906 Ibunt
285 2858 348 2906 ante
366 2853 450 2908 duces
468 2854 574 2908 onerati
592 2852 663 2907 oolla
681 2854 792 2917 catenis,

218 2937 257 2990 Ne
275 2938 382 3007 possint
399 2938 463 3004 tuti,
489 2954 544 3008 qua
561 2939 649 3008 prius,
669 2953 730 2992 esse
742 2937 816 3007 fuga
844 2950 848 2956 ·
