2375 3575
498 478 618 513 sumu
631 477 734 511 nuoms.
954 455 1000 507 lll

232 609 413 664 Praestiterat
430 607 537 662 iuuenis
555 606 687 677 quidquid
706 623 766 661 mea
784 606 862 662 Musa
879 605 1000 671 iubebat,

173 717 216 753 mo
268 694 355 763 Inque
373 709 440 748 suae
458 698 539 763 portu
556 708 645 762 paene
663 692 759 747 salutis
778 696 844 747 erat.

233 778 370 843 Reccidit,
388 783 420 833 ut
438 778 552 848 cupidos
570 778 641 831 inter
659 777 769 832 deuenit
787 780 924 844 amantes,

267 863 315 929 Et,
334 879 405 934 quae
423 864 609 928 conciderant,
628 862 684 916 tela
700 862 849 932 resumpsit
866 863 955 917 Amor.

232 949 326 1019 Siquis
344 965 421 1003 amas
438 964 489 1004 uec
507 949 562 1013 nis,
580 948 665 1002 facito
683 947 811 1017 contagia
828 947 907 1002 uites.

267 1034 344 1089 Haec
362 1035 444 1089 etiam
462 1037 554 1104 pecori
573 1049 657 1102 saepe
675 1048 773 1086 nocere
792 1031 888 1086 solent.

177 1140 219 1177 sm
233 1120 306 1174 Dum
324 1123 451 1189 spectant
467 1119 558 1174 laesos
577 1117 660 1183 oculi,
678 1118 823 1172 laeduntur
841 1121 870 1172 et
886 1117 950 1187 ipsi,

267 1205 408 1275 Multaque
425 1203 583 1273 corporibus
601 1203 761 1258 transitione
779 1206 887 1258 nocent.

232 1291 264 1344 ln
283 1291 345 1344 loca
361 1305 564 1359 nonnumquam
583 1289 665 1344 siccis
684 1290 790 1342 arentia
807 1288 893 1358 glebis

267 1375 309 1430 De
327 1390 413 1446 prope
431 1375 549 1429 currenti
565 1373 676 1428 flumine
695 1378 788 1427 manat
806 1388 886 1443 aqua.

232 1461 328 1515 Manat
345 1476 420 1515 amor
437 1463 538 1525 tectus,
559 1460 582 1513 si
601 1475 656 1514 non
673 1458 708 1513 ab
726 1463 836 1513 amante
853 1458 973 1515 recedas.

179 1563 218 1601 suo
268 1545 414 1615 Turbaque
431 1545 460 1599 in
477 1545 530 1600 hoc
548 1560 642 1599 omnes
659 1544 802 1613 ingeniosa
820 1560 922 1599 sumus.

232 1631 310 1685 Alter
326 1631 392 1684 item
408 1629 463 1684 iam
481 1645 565 1684 sanus
584 1635 650 1685 erat.
669 1629 770 1683 uicinia
786 1628 873 1683 laesit

268 1716 417 1771 Occursum
436 1715 562 1769 dominae
579 1732 633 1769 non
652 1714 715 1768 tulit
732 1714 776 1769 ille
795 1730 869 1769 suae.

233 1802 338 1856 Vulnus
356 1802 382 1856 iu
401 1802 542 1872 antiquum
559 1801 642 1856 rediit
658 1800 729 1855 male
746 1800 824 1855 firma
842 1801 966 1866 cicatrix,

268 1887 488 1957 Successumque
506 1891 578 1941 artes
596 1903 651 1940 non
669 1885 789 1940 habuere
808 1901 893 1940 meae.

180 1989 218 2027 eas
231 1972 376 2027 Proximus
394 1988 412 2026 a
427 1972 509 2027 tectis
526 1972 599 2041 ignis
618 1971 770 2026 defenditur
788 1986 877 2040 aegre.

268 2056 339 2111 Vtile
355 2057 478 2112 finitimis
496 2058 662 2113 abstinuisse
679 2056 755 2111 locis.

231 2143 288 2197 Nec
306 2157 377 2212 quae
394 2143 464 2197 ferre
483 2142 554 2197 solet
571 2143 736 2212 spatiantem
755 2142 875 2212 porticus
893 2140 978 2207 illam,

266 2227 306 2282 Te
324 2228 405 2294 ierat,
423 2227 543 2282 officium
560 2243 631 2283 neue
648 2227 753 2282 colatur
769 2227 849 2282 idem.

230 2313 303 2381 Quid
320 2312 399 2367 iuuat
415 2313 555 2368 admonitu
571 2313 694 2383 tepidam
711 2311 877 2366 recalescere
895 2313 1029 2366 mentem?

178 2414 217 2452 sao
266 2397 350 2463 Alter,
370 2399 393 2453 si
410 2399 514 2468 possis,
533 2399 607 2454 orbis
623 2397 766 2453 habendus
786 2397 843 2451 erit.

230 2483 291 2538 lion
309 2482 389 2538 facile
407 2483 530 2538 esuriens
548 2485 641 2554 posita
657 2483 808 2538 retinebere
825 2497 933 2548 mensa,

266 2568 302 2623 Et
319 2568 432 2623 multam
450 2567 550 2623 saliens
568 2568 666 2623 incitat
682 2568 757 2623 unda
774 2567 856 2622 sitim.

230 2655 291 2709 Non
308 2652 418 2709 facilest
434 2658 543 2708 taurum
560 2654 623 2708 uisa
639 2653 756 2708 retinere
772 2654 897 2707 iuuenca.

265 2739 356 2794 Fortis
375 2754 462 2810 equus
480 2739 557 2794 uisae
575 2754 684 2809 semper
701 2738 826 2793 adhinnit
842 2753 939 2808 equae.

176 2838 215 2876 ess
230 2825 308 2880 llaec
325 2823 371 2879 ubi
388 2823 569 2894 praestiteris,
588 2828 621 2878 ut
636 2824 747 2879 tandem
764 2822 857 2878 littora
873 2827 983 2891 tangas,

264 2908 326 2965 Non
342 2909 432 2979 ipsam
449 2908 518 2964 satis
535 2912 579 2964 est
598 2908 753 2964 deseruisse
770 2907 828 2963 tibi.
