2375 3575
476 474 523 509 ans
538 475 683 510 auaronm.
939 457 971 509 77

203 612 443 682 Postquebreuem
453 609 569 664 rescribe
579 626 690 664 moram.
703 626 779 664 mora
788 614 1024 679 semperamantes

239 697 345 761 Incitat,
364 697 490 764 exiguum
508 695 533 749 si
551 695 633 748 modo
651 700 758 765 tempus
778 695 866 750 habet.

159 794 191 833 uu
205 785 260 840 Sed
279 797 367 852 neque
384 786 411 835 te
429 780 534 835 facilem
552 781 643 834 iuueni
661 780 789 850 promitte
808 781 921 848 roganti

238 868 294 922 Nec
310 871 402 921 tamen
421 866 505 920 cdurc
523 867 596 936 quod
615 866 748 935 petitore
767 881 844 932 nega.

202 954 259 1008 Fac
276 952 372 1007 timeat
388 956 534 1022 speretque
552 951 639 1009 simul.
659 953 839 1021 quotiensque
857 951 989 1016 remittes,

239 1043 364 1108 Spesque
381 1037 469 1105 magis
486 1037 580 1091 ueniat
598 1044 673 1090 certa
690 1037 830 1107 minorque
848 1041 944 1091 metus.

203 1124 306 1179 Munda
323 1124 372 1178 sed
390 1139 405 1177 c
423 1122 512 1176 medio
531 1129 715 1191 consuetaque
734 1122 824 1188 uerba,
842 1122 961 1192 puellae,

159 1221 195 1260 reu
243 1209 365 1265 Scribite.
384 1208 516 1263 sermonis
534 1207 644 1277 publica
660 1207 748 1262 forma
765 1208 863 1277 placet.

207 1301 238 1351 A.
258 1296 385 1367 quotiens
403 1294 501 1349 dubius
520 1293 630 1363 scriptis
648 1294 750 1348 exarsit
767 1299 879 1359 amator,

240 1381 276 1436 Et
293 1381 386 1436 nocuit
403 1380 507 1434 formae
525 1380 641 1434 barbara
658 1378 751 1446 lingua
768 1379 867 1433 bonae!

205 1467 260 1522 Sed
279 1466 415 1537 quoniam,
433 1465 558 1536 quamuis
577 1465 662 1518 uittae
680 1465 796 1518 careatis
814 1466 923 1531 honore,

240 1553 290 1607 Est
308 1552 386 1607 uobis
404 1555 511 1606 uestros
529 1550 622 1605 fallere
641 1566 706 1603 cura
723 1551 803 1613 uiros,

159 1645 195 1684 4⁸⁵
209 1638 331 1692 Ancillae
348 1637 479 1707 puerique
497 1652 578 1689 manu
597 1640 722 1705 perarate
739 1635 861 1691 tabellas.

241 1722 359 1791 Pignora
377 1738 426 1776 nec
444 1721 535 1776 iuueni
553 1720 655 1775 credite
674 1726 767 1774 nostra
786 1734 864 1775 nouo.

209 1808 270 1862 Vidi
287 1824 337 1876 ego
356 1807 482 1878 pallentis
500 1808 553 1861 isto
572 1811 675 1861 terrore
693 1807 797 1876 puellas

242 1892 388 1948 Seruitiurn
406 1894 519 1949 miseras
537 1897 646 1962 tempus
664 1892 691 1945 in
710 1909 789 1946 omne
807 1893 873 1963 pati.

208 1978 331 2034 Perfidus
348 1979 392 2033 ille
410 1978 526 2049 quidem,
545 1978 592 2049 qui
609 1977 676 2032 talia
692 1978 807 2048 pignora
825 1981 924 2041 seruat,

159 2070 196 2110 ‘⁹⁰
244 2063 300 2118 Sed
316 2068 407 2119 tamen
425 2064 537 2118 Aetnaei
555 2063 675 2119 fulminis
692 2065 777 2118 instar
795 2064 884 2118 habet.

207 2150 301 2204 Iudice
319 2166 361 2203 me
378 2149 453 2205 fraus
472 2154 515 2205 est
533 2165 664 2205 concessa
681 2139 810 2218 repellere
828 2148 958 2212 fraudem,

242 2239 378 2305 Armaque
396 2235 424 2289 in
442 2240 560 2290 armatos
579 2251 686 2290 sumere
703 2235 763 2288 iura
780 2235 879 2290 sinunt.

207 2322 313 2377 Ducere
331 2324 492 2376 consuescat
508 2320 608 2375 multas
625 2336 721 2374 manus
740 2336 793 2374 una
811 2319 920 2388 figuras.

242 2409 274 2471 A,
293 2409 413 2476 pereant,
431 2422 479 2476 per
498 2422 566 2475 quos
584 2405 638 2460 ista
656 2406 790 2460 monenda
808 2405 881 2459 mihi.

160 2498 199 2536 ⁴⁹⁵
212 2493 268 2547 Nec
285 2492 337 2546 nisi
355 2490 451 2545 deletis
468 2496 556 2545 tutum
574 2491 721 2546 rescribere
739 2490 823 2555 cerie,

243 2578 282 2633 Ne
300 2581 394 2632 teneat
407 2576 532 2645 geminas
552 2592 606 2630 una
623 2575 723 2631 tabella
740 2591 846 2630 manus

211 2664 324 2719 Femina
340 2663 446 2717 dicatur
464 2661 591 2717 scribenti
610 2677 718 2732 semper
735 2665 847 2715 amator.

244 2748 294 2803 llla
312 2748 393 2803 sitin
409 2748 516 2813 uestris,
536 2747 582 2817 qui
599 2746 651 2801 fuit
669 2746 721 2811 ille,
740 2748 819 2800 notis.

211 2834 267 2892 Sed
284 2833 350 2888 libet
367 2850 384 2887 a
401 2833 494 2902 paruis
512 2832 632 2887 animum
649 2832 685 2887 ad
704 2832 806 2886 maiora
822 2831 922 2885 referre

160 2925 196 2964 ³⁰⁰
244 2918 388 2988 Plenaque·
399 2923 511 2972 curuato
530 2918 649 2987 pandere
667 2916 729 2971 uela
746 2918 815 2971 sinu.

1048 2872 1067 2996 1
