2375 3575
545 480 655 516 anonas.
937 458 984 510 ltu

187 613 254 667 alle
274 612 351 681 legat
367 610 395 663 in
413 610 507 679 sponsi
525 609 596 663 facie
614 626 669 663 non
687 609 786 677 frigida
804 610 881 677 uirgo

246 697 284 751 Et
300 695 376 750 rudis
393 696 487 765 igqoto
505 698 596 748 tactus
615 711 706 749 amore
724 712 800 764 puer.

213 785 304 852 Atque
324 780 422 851 aliquis
440 781 576 845 iuuenum,
597 795 651 850 quo
670 795 741 834 nunc
760 796 824 849 ego,
843 781 953 836 saucius
971 797 1036 835 arcu

247 870 390 935 Agnoscat
406 865 532 919 flammae
551 865 662 919 conscia
680 865 759 935 signa
778 881 851 931 suae,

212 953 382 1022 Miratusque
401 950 447 1004 diu
467 950 538 1020 ‘quo’
557 950 632 1003 dicat
651 950 692 1004 ‘ab
710 950 800 1003 indice
818 951 916 1005 doctus

172 1055 198 1090 m
248 1036 400 1106 Conposuit
418 1051 499 1090 casus
516 1036 569 1089 iste
588 1039 669 1105 poeta
687 1036 788 1090 meosl’

213 1125 305 1176 Ausus
325 1137 406 1186 eram,
425 1120 542 1186 memini,
563 1120 695 1175 caelestia
713 1121 803 1174 dicere
823 1121 892 1175 bella

247 1206 491 1275 Centimanumque
510 1206 589 1277 Gyan
609 1238 638 1245 —
660 1210 687 1259 et
705 1207 774 1260 satis
793 1207 847 1260 oris
868 1211 926 1260 erat
945 1240 991 1272 -‚

212 1293 281 1347 Cum
299 1291 369 1345 male
388 1308 418 1345 se
436 1290 529 1345 Tellus
549 1291 639 1355 ultast,
659 1292 821 1361 ingestaque
840 1291 954 1362 Olympo

248 1377 343 1432 Ardua
360 1376 494 1430 deuexum
512 1375 606 1430 Pelion
625 1376 696 1431 Ossa
713 1378 783 1431 tulit.

173 1480 196 1515 rs
211 1463 243 1516 ln
262 1462 387 1517 manibus
401 1461 507 1516 nimbos
526 1465 632 1515 etcum
651 1462 716 1516 loue
734 1462 834 1516 fulmen
854 1463 999 1520 habebam.

247 1547 327 1614 Quod
344 1546 414 1601 bene
432 1563 482 1615 pro
501 1546 577 1600 caelo
596 1547 715 1601 mitteret
733 1546 778 1601 ille
796 1564 855 1602 suo.

211 1632 319 1687 Clausit
337 1632 424 1686 amica
441 1631 522 1686 fores.
542 1648 601 1706 ego
613 1649 673 1686 cum
691 1633 757 1687 loue
774 1633 875 1688 fulmen
895 1634 981 1688 omisi.

246 1717 356 1771 Excidit
372 1716 482 1786 ingenio
500 1717 623 1786 luppiter
641 1718 700 1786 ipse
718 1734 786 1772 meo.

209 1804 343 1873 luppiter,
362 1803 499 1870 ignoscas
519 1803 556 1857 nil
573 1820 617 1857 me
635 1808 684 1858 tua
701 1804 772 1859 bella
789 1805 927 1860 iuuabunt.

169 1902 195 1942 ao
247 1888 350 1943 Clausa
368 1893 415 1942 tuo
434 1888 522 1942 maius
540 1889 623 1943 ianua
640 1889 741 1944 fulmen
761 1890 850 1944 habet.

209 1973 364 2029 Blanditias
383 1973 531 2043 elegosque
549 1974 626 2039 leuiS,
646 1975 786 2040 mustela,
806 1976 948 2044 resumpsi.

244 2058 400 2113 Mollierunt
420 2060 502 2113 duras
520 2058 592 2113 lenia
611 2061 695 2115 uerba
712 2060 793 2114 fores.

208 2145 340 2200 Carmina
357 2144 524 2212 sanguineae
543 2145 683 2199 deducunt
700 2162 802 2200 cornua
819 2145 913 2212 lunae,

245 2229 281 2284 Et
298 2234 430 2284 reuocant
446 2229 542 2284 niueos
562 2229 633 2286 Solis
652 2230 740 2284 euntis
759 2247 853 2300 equos.

168 2328 194 2366 aa
209 2314 337 2370 Carmine
355 2314 493 2369 dissiliunt
510 2316 634 2384 abruptis
652 2316 778 2370 faucibus
796 2332 913 2384 angues,

243 2401 330 2470 lnque
349 2415 414 2454 suos
433 2401 523 2455 sontes
542 2416 624 2455 uersa
642 2402 756 2455 recurrit
774 2417 853 2471 aqua.

207 2485 382 2540 Carminibus
401 2501 508 2540 cessere
526 2485 607 2551 fores,
627 2487 785 2555 insertaque
803 2487 883 2556 posti,

242 2570 375 2638 Quamuis
393 2571 476 2625 robur
494 2575 567 2637 erat,
587 2573 705 2626 carmine
724 2573 798 2625 uictu
816 2577 911 2626 serast.

206 2655 279 2724 Quid
298 2655 364 2715 mihi
381 2656 514 2725 profuerit
533 2656 611 2711 uelox
630 2660 756 2712 cantatus
775 2657 912 2711 Achilles?

169 2756 193 2794 au
244 2741 317 2809 Quid
335 2757 385 2811 pro
403 2759 445 2796 me
464 2742 573 2797 Atrides
591 2743 659 2797 alter
678 2748 706 2797 et
722 2743 791 2797 alter
808 2749 892 2811 agent

205 2827 314 2896 Quique
332 2830 374 2881 tot
392 2828 507 2882 errando
526 2833 593 2898 quot
614 2828 683 2882 bello
702 2828 820 2896 perdidit
837 2844 925 2882 annos

240 2912 349 2982 Raptus
367 2916 396 2967 et
412 2913 570 2968 Haemoniis
587 2913 684 2968 flebilis
703 2912 805 2967 Hector
823 2914 917 2984 equis?
